,成交时间,买卖方向,成交价格,成交数量,date,time
0,2020-06-05 09:35:04,卖出,111.5282,2500,2020-06-05,09:35:04
1,2020-06-05 09:35:05,卖出,111.5066,2500,2020-06-05,09:35:05
2,2020-06-05 09:35:06,卖出,111.502,2500,2020-06-05,09:35:06
3,2020-06-05 09:35:06,卖出,111.45,2500,2020-06-05,09:35:06
4,2020-06-05 09:35:07,卖出,111.45,2500,2020-06-05,09:35:07
5,2020-06-05 09:35:07,卖出,111.432,2500,2020-06-05,09:35:07
6,2020-06-05 09:35:08,卖出,111.4,2500,2020-06-05,09:35:08
7,2020-06-05 09:35:09,卖出,111.4,100,2020-06-05,09:35:09
8,2020-06-05 09:35:50,卖出,111.407,100,2020-06-05,09:35:50
9,2020-06-05 09:36:08,买入,111.387,200,2020-06-05,09:36:08
10,2020-06-05 09:40:29,卖出,111.435,4000,2020-06-05,09:40:29
11,2020-06-05 09:40:30,卖出,111.435,1700,2020-06-05,09:40:30
12,2020-06-05 09:41:09,买入,111.46,500,2020-06-05,09:41:09
13,2020-06-05 09:41:43,卖出,111.492,4000,2020-06-05,09:41:43
14,2020-06-05 09:42:37,卖出,111.518,4000,2020-06-05,09:42:37
15,2020-06-05 09:43:03,卖出,111.533,4000,2020-06-05,09:43:03
16,2020-06-05 09:44:09,卖出,111.547,4000,2020-06-05,09:44:09
17,2020-06-05 09:44:10,卖出,111.547,1000,2020-06-05,09:44:10
18,2020-06-05 09:44:45,买入,111.53,1000,2020-06-05,09:44:45
19,2020-06-05 09:46:47,卖出,111.4817,4000,2020-06-05,09:46:47
20,2020-06-05 09:47:24,卖出,111.495,1000,2020-06-05,09:47:24
21,2020-06-05 09:47:26,卖出,111.496,4000,2020-06-05,09:47:26
22,2020-06-05 09:47:27,卖出,111.5,4000,2020-06-05,09:47:27
23,2020-06-05 09:47:27,卖出,111.5,4000,2020-06-05,09:47:27
24,2020-06-05 09:47:29,买入,111.5078,4000,2020-06-05,09:47:29
25,2020-06-05 09:47:30,买入,111.508,1000,2020-06-05,09:47:30
26,2020-06-05 09:47:43,卖出,111.5115,1200,2020-06-05,09:47:43
27,2020-06-05 09:48:17,买入,111.5,900,2020-06-05,09:48:17
28,2020-06-05 09:50:00,卖出,111.487,100,2020-06-05,09:50:00
29,2020-06-05 09:56:14,卖出,111.5172,4000,2020-06-05,09:56:14
30,2020-06-05 09:57:42,卖出,111.51,2000,2020-06-05,09:57:42
31,2020-06-05 10:02:15,卖出,111.5005,1700,2020-06-05,10:02:15
32,2020-06-05 10:04:40,买入,111.515,2000,2020-06-05,10:04:40
33,2020-06-05 10:04:52,买入,111.5391,1000,2020-06-05,10:04:52
34,2020-06-05 10:05:05,卖出,111.545,1000,2020-06-05,10:05:05
35,2020-06-05 10:05:10,卖出,111.547,100,2020-06-05,10:05:10
36,2020-06-05 10:07:06,卖出,111.532,400,2020-06-05,10:07:06
37,2020-06-05 10:07:53,卖出,111.548,4000,2020-06-05,10:07:53
38,2020-06-05 10:07:53,卖出,111.56,4000,2020-06-05,10:07:53
39,2020-06-05 10:07:54,卖出,111.56,4000,2020-06-05,10:07:54
40,2020-06-05 10:10:45,买入,111.5665,4000,2020-06-05,10:10:45
41,2020-06-05 10:10:46,买入,111.5717,4000,2020-06-05,10:10:46
42,2020-06-05 10:10:52,卖出,111.5452,3800,2020-06-05,10:10:52
43,2020-06-05 10:11:34,买入,111.554,4000,2020-06-05,10:11:34
44,2020-06-05 10:11:37,卖出,111.546,3000,2020-06-05,10:11:37
45,2020-06-05 10:12:41,卖出,111.527,100,2020-06-05,10:12:41
46,2020-06-05 10:14:14,买入,111.515,4000,2020-06-05,10:14:14
47,2020-06-05 10:14:15,买入,111.492,1600,2020-06-05,10:14:15
48,2020-06-05 10:14:21,卖出,111.501,4000,2020-06-05,10:14:21
49,2020-06-05 10:14:47,卖出,111.512,500,2020-06-05,10:14:47
50,2020-06-05 10:15:33,买入,111.476,4000,2020-06-05,10:15:33
51,2020-06-05 10:15:33,买入,111.475,4000,2020-06-05,10:15:33
52,2020-06-05 10:15:36,卖出,111.4538,4000,2020-06-05,10:15:36
53,2020-06-05 10:15:37,卖出,111.445,2000,2020-06-05,10:15:37
54,2020-06-05 10:19:30,买入,111.442,1000,2020-06-05,10:19:30
55,2020-06-05 10:19:52,买入,111.433,3500,2020-06-05,10:19:52
56,2020-06-05 10:21:40,买入,111.4,4000,2020-06-05,10:21:40
57,2020-06-05 10:21:40,买入,111.3958,4000,2020-06-05,10:21:40
58,2020-06-05 10:22:04,卖出,111.3925,2000,2020-06-05,10:22:04
59,2020-06-05 10:23:11,卖出,111.419,4000,2020-06-05,10:23:11
60,2020-06-05 10:23:11,卖出,111.419,3100,2020-06-05,10:23:11
61,2020-06-05 10:24:22,买入,111.42,300,2020-06-05,10:24:22
62,2020-06-05 10:24:24,买入,111.422,1000,2020-06-05,10:24:24
63,2020-06-05 10:25:43,卖出,111.437,100,2020-06-05,10:25:43
64,2020-06-05 10:26:43,卖出,111.3847,1200,2020-06-05,10:26:43
65,2020-06-05 10:29:30,买入,111.4013,4000,2020-06-05,10:29:30
66,2020-06-05 10:29:30,买入,111.403,1500,2020-06-05,10:29:30
67,2020-06-05 10:30:11,卖出,111.383,2000,2020-06-05,10:30:11
68,2020-06-05 10:30:12,卖出,111.3795,2000,2020-06-05,10:30:12
69,2020-06-05 10:30:58,卖出,111.374,100,2020-06-05,10:30:58
70,2020-06-05 10:31:26,卖出,111.365,2000,2020-06-05,10:31:26
71,2020-06-05 10:32:15,卖出,111.365,2000,2020-06-05,10:32:15
72,2020-06-05 10:32:16,卖出,111.36,300,2020-06-05,10:32:16
73,2020-06-05 10:32:19,卖出,111.358,2000,2020-06-05,10:32:19
74,2020-06-05 10:32:21,卖出,111.353,2000,2020-06-05,10:32:21
75,2020-06-05 10:33:34,买入,111.369,4000,2020-06-05,10:33:34
76,2020-06-05 10:33:34,买入,111.35,3400,2020-06-05,10:33:34
77,2020-06-05 10:37:02,卖出,111.344,4000,2020-06-05,10:37:02
78,2020-06-05 10:37:45,卖出,111.354,4000,2020-06-05,10:37:45
79,2020-06-05 13:37:18,买入,111.5608,4000,2020-06-05,13:37:18
80,2020-06-05 13:37:19,买入,111.5777,4000,2020-06-05,13:37:19
81,2020-06-05 13:37:20,买入,111.597,4000,2020-06-05,13:37:20
82,2020-06-05 13:37:20,买入,111.5933,4000,2020-06-05,13:37:20
83,2020-06-05 13:37:21,买入,111.6236,1100,2020-06-05,13:37:21
84,2020-06-05 13:37:22,卖出,111.5965,4000,2020-06-05,13:37:22
85,2020-06-05 13:37:22,卖出,111.588,2000,2020-06-05,13:37:22
86,2020-06-05 13:37:23,买入,111.557,4000,2020-06-05,13:37:23
87,2020-06-05 13:38:06,卖出,111.592,100,2020-06-05,13:38:06
88,2020-06-05 13:38:07,卖出,111.588,1000,2020-06-05,13:38:07
89,2020-06-05 13:38:24,卖出,111.585,100,2020-06-05,13:38:24
90,2020-06-05 13:38:24,卖出,111.58,100,2020-06-05,13:38:24
91,2020-06-05 13:38:26,卖出,111.576,1000,2020-06-05,13:38:26
92,2020-06-05 13:38:44,卖出,111.578,100,2020-06-05,13:38:44
93,2020-06-05 13:38:48,卖出,111.574,1000,2020-06-05,13:38:48
94,2020-06-05 13:39:21,卖出,111.595,2100,2020-06-05,13:39:21
95,2020-06-05 13:40:07,买入,111.587,1000,2020-06-05,13:40:07
96,2020-06-05 13:41:46,卖出,111.579,3600,2020-06-05,13:41:46
97,2020-06-05 13:42:10,买入,111.564,100,2020-06-05,13:42:10
98,2020-06-05 13:48:03,卖出,111.569,1000,2020-06-05,13:48:03
99,2020-06-05 13:49:08,买入,111.56,2000,2020-06-05,13:49:08
100,2020-06-05 13:51:07,卖出,111.5507,1400,2020-06-05,13:51:07
101,2020-06-05 13:51:48,买入,111.515,2500,2020-06-05,13:51:48
102,2020-06-05 13:54:23,买入,111.521,100,2020-06-05,13:54:23
103,2020-06-05 13:54:37,买入,111.522,100,2020-06-05,13:54:37
104,2020-06-05 13:55:08,买入,111.527,200,2020-06-05,13:55:08
105,2020-06-05 13:57:42,卖出,111.53,100,2020-06-05,13:57:42
106,2020-06-05 13:58:22,卖出,111.533,100,2020-06-05,13:58:22
107,2020-06-05 13:59:53,卖出,111.534,100,2020-06-05,13:59:53
108,2020-06-05 14:01:18,卖出,111.515,3300,2020-06-05,14:01:18
109,2020-06-05 14:04:02,卖出,111.543,100,2020-06-05,14:04:02
110,2020-06-05 14:04:48,卖出,111.508,200,2020-06-05,14:04:48
111,2020-06-05 14:04:48,卖出,111.5066,4000,2020-06-05,14:04:48
112,2020-06-05 14:04:50,卖出,111.504,500,2020-06-05,14:04:50
113,2020-06-05 14:05:55,买入,111.5,100,2020-06-05,14:05:55
114,2020-06-05 14:06:19,买入,111.503,100,2020-06-05,14:06:19
115,2020-06-05 14:08:32,买入,111.482,2000,2020-06-05,14:08:32
116,2020-06-05 14:12:53,买入,111.449,4000,2020-06-05,14:12:53
117,2020-06-05 14:12:53,买入,111.444,1100,2020-06-05,14:12:53
118,2020-06-05 14:17:47,卖出,111.444,100,2020-06-05,14:17:47
119,2020-06-05 14:18:56,卖出,111.434,100,2020-06-05,14:18:56
120,2020-06-05 14:19:02,卖出,111.4305,200,2020-06-05,14:19:02
121,2020-06-05 14:20:20,卖出,111.421,1100,2020-06-05,14:20:20
122,2020-06-05 14:20:26,卖出,111.418,300,2020-06-05,14:20:26
123,2020-06-05 14:20:45,卖出,111.418,2800,2020-06-05,14:20:45
124,2020-06-05 14:21:36,卖出,111.428,100,2020-06-05,14:21:36
125,2020-06-05 14:22:21,买入,111.396,4000,2020-06-05,14:22:21
126,2020-06-05 14:22:22,买入,111.396,900,2020-06-05,14:22:22
127,2020-06-05 14:22:50,卖出,111.4,200,2020-06-05,14:22:50
128,2020-06-05 14:24:23,买入,111.3902,4000,2020-06-05,14:24:23
129,2020-06-05 14:25:34,卖出,111.409,100,2020-06-05,14:25:34
130,2020-06-05 14:27:40,卖出,111.429,200,2020-06-05,14:27:40
131,2020-06-05 14:27:41,卖出,111.427,300,2020-06-05,14:27:41
132,2020-06-05 14:27:42,卖出,111.423,1000,2020-06-05,14:27:42
133,2020-06-05 14:28:49,卖出,111.42,4000,2020-06-05,14:28:49
134,2020-06-05 14:28:50,卖出,111.425,4000,2020-06-05,14:28:50
135,2020-06-05 14:28:52,买入,111.424,1000,2020-06-05,14:28:52
136,2020-06-05 14:29:03,买入,111.427,500,2020-06-05,14:29:03
137,2020-06-05 14:32:47,卖出,111.436,100,2020-06-05,14:32:47
138,2020-06-05 14:33:09,卖出,111.427,4000,2020-06-05,14:33:09
139,2020-06-05 14:34:45,买入,111.41,2500,2020-06-05,14:34:45
140,2020-06-05 14:34:45,买入,111.405,300,2020-06-05,14:34:45
141,2020-06-05 14:36:21,卖出,111.404,100,2020-06-05,14:36:21
142,2020-06-05 14:36:33,卖出,111.404,300,2020-06-05,14:36:33
143,2020-06-05 14:36:49,卖出,111.4,2500,2020-06-05,14:36:49
144,2020-06-05 14:36:50,卖出,111.4,2500,2020-06-05,14:36:50
145,2020-06-05 14:36:51,买入,111.4038,2500,2020-06-05,14:36:51
146,2020-06-05 14:37:36,卖出,111.408,1900,2020-06-05,14:37:36
147,2020-06-05 14:37:51,买入,111.407,100,2020-06-05,14:37:51
148,2020-06-05 14:38:03,买入,111.408,2500,2020-06-05,14:38:03
149,2020-06-05 14:38:03,买入,111.413,2500,2020-06-05,14:38:03
150,2020-06-05 14:38:06,卖出,111.409,1000,2020-06-05,14:38:06
151,2020-06-08 09:39:16,买入,111.4129,2100,2020-06-08,09:39:16
152,2020-06-08 09:39:16,买入,111.431,2100,2020-06-08,09:39:16
153,2020-06-08 09:39:17,买入,111.4225,2100,2020-06-08,09:39:17
154,2020-06-08 09:39:18,买入,111.4334,2100,2020-06-08,09:39:18
155,2020-06-08 09:40:05,卖出,111.433,1200,2020-06-08,09:40:05
156,2020-06-08 09:40:16,卖出,111.434,2100,2020-06-08,09:40:16
157,2020-06-08 09:40:17,卖出,111.434,2100,2020-06-08,09:40:17
158,2020-06-08 09:40:18,卖出,111.434,2100,2020-06-08,09:40:18
159,2020-06-08 09:40:18,卖出,111.434,1000,2020-06-08,09:40:18
160,2020-06-08 09:40:20,买入,111.4456,2100,2020-06-08,09:40:20
161,2020-06-08 09:40:20,买入,111.445,2100,2020-06-08,09:40:20
162,2020-06-08 09:43:23,买入,111.43,100,2020-06-08,09:43:23
163,2020-06-08 09:43:32,卖出,111.456,300,2020-06-08,09:43:32
164,2020-06-08 09:44:33,买入,111.432,100,2020-06-08,09:44:33
165,2020-06-08 09:45:41,买入,111.4565,1100,2020-06-08,09:45:41
166,2020-06-08 09:45:51,买入,111.464,2100,2020-06-08,09:45:51
167,2020-06-08 09:45:52,买入,111.4644,2100,2020-06-08,09:45:52
168,2020-06-08 09:45:56,卖出,111.469,400,2020-06-08,09:45:56
169,2020-06-08 09:46:08,卖出,111.4674,2100,2020-06-08,09:46:08
170,2020-06-08 09:46:17,卖出,111.449,500,2020-06-08,09:46:17
171,2020-06-08 09:46:24,卖出,111.429,2100,2020-06-08,09:46:24
172,2020-06-08 09:46:24,卖出,111.4249,2100,2020-06-08,09:46:24
173,2020-06-08 09:46:27,卖出,111.4126,2100,2020-06-08,09:46:27
174,2020-06-08 09:46:39,买入,111.407,2100,2020-06-08,09:46:39
175,2020-06-08 09:46:39,买入,111.407,1000,2020-06-08,09:46:39
176,2020-06-08 09:46:58,买入,111.408,100,2020-06-08,09:46:58
177,2020-06-08 09:47:07,买入,111.427,1000,2020-06-08,09:47:07
178,2020-06-08 09:47:09,买入,111.438,2100,2020-06-08,09:47:09
179,2020-06-08 09:47:09,买入,111.4384,1100,2020-06-08,09:47:09
180,2020-06-08 09:47:36,买入,111.4875,2100,2020-06-08,09:47:36
181,2020-06-08 09:48:38,买入,111.499,2100,2020-06-08,09:48:38
182,2020-06-08 09:48:39,买入,111.5,2100,2020-06-08,09:48:39
183,2020-06-08 09:49:28,卖出,111.57,300,2020-06-08,09:49:28
184,2020-06-08 09:49:52,卖出,111.581,500,2020-06-08,09:49:52
185,2020-06-08 09:49:59,卖出,111.571,2000,2020-06-08,09:49:59
186,2020-06-08 09:50:29,买入,111.58,4000,2020-06-08,09:50:29
187,2020-06-08 09:51:02,买入,111.597,100,2020-06-08,09:51:02
188,2020-06-08 09:51:04,买入,111.5998,4100,2020-06-08,09:51:04
189,2020-06-08 09:51:13,买入,111.6079,4100,2020-06-08,09:51:13
190,2020-06-08 09:51:18,卖出,111.615,4100,2020-06-08,09:51:18
191,2020-06-08 09:51:31,卖出,111.64,1500,2020-06-08,09:51:31
192,2020-06-08 09:51:34,卖出,111.64,4100,2020-06-08,09:51:34
193,2020-06-08 09:51:34,卖出,111.645,4100,2020-06-08,09:51:34
194,2020-06-08 09:51:34,卖出,111.65,1300,2020-06-08,09:51:34
195,2020-06-08 09:51:38,买入,111.6705,4100,2020-06-08,09:51:38
196,2020-06-08 09:51:38,买入,111.7039,4100,2020-06-08,09:51:38
197,2020-06-08 09:51:39,买入,111.699,4100,2020-06-08,09:51:39
198,2020-06-08 09:51:40,买入,111.704,4100,2020-06-08,09:51:40
199,2020-06-08 10:18:38,卖出,111.6201,4100,2020-06-08,10:18:38
200,2020-06-08 10:18:39,卖出,111.6136,2400,2020-06-08,10:18:39
201,2020-06-08 10:18:44,卖出,111.618,1200,2020-06-08,10:18:44
202,2020-06-08 10:18:47,卖出,111.614,1000,2020-06-08,10:18:47
203,2020-06-08 10:18:47,卖出,111.617,3200,2020-06-08,10:18:47
204,2020-06-08 10:20:25,卖出,111.642,100,2020-06-08,10:20:25
205,2020-06-08 10:20:33,卖出,111.638,100,2020-06-08,10:20:33
206,2020-06-08 10:22:00,卖出,111.629,700,2020-06-08,10:22:00
207,2020-06-08 10:22:03,卖出,111.625,500,2020-06-08,10:22:03
208,2020-06-08 10:22:43,卖出,111.614,100,2020-06-08,10:22:43
209,2020-06-08 10:52:28,卖出,111.5886,2300,2020-06-08,10:52:28
210,2020-06-08 10:53:42,卖出,111.603,2100,2020-06-08,10:53:42
211,2020-06-08 10:53:51,买入,111.589,100,2020-06-08,10:53:51
212,2020-06-08 10:55:22,卖出,111.613,100,2020-06-08,10:55:22
213,2020-06-08 10:59:32,卖出,111.6249,4100,2020-06-08,10:59:32
214,2020-06-08 10:59:32,卖出,111.623,800,2020-06-08,10:59:32
215,2020-06-08 10:59:36,买入,111.6248,1100,2020-06-08,10:59:36
216,2020-06-08 10:59:56,买入,111.619,500,2020-06-08,10:59:56
217,2020-06-08 11:01:57,卖出,111.609,2000,2020-06-08,11:01:57
218,2020-06-08 11:09:27,卖出,111.6124,500,2020-06-08,11:09:27
219,2020-06-08 11:11:52,卖出,111.6109,3800,2020-06-08,11:11:52
220,2020-06-08 11:12:04,买入,111.616,1000,2020-06-08,11:12:04
221,2020-06-08 11:13:17,买入,111.623,3500,2020-06-08,11:13:17
222,2020-06-08 11:13:24,卖出,111.621,1000,2020-06-08,11:13:24
223,2020-06-08 11:26:51,卖出,111.605,100,2020-06-08,11:26:51
224,2020-06-08 11:26:59,卖出,111.603,1100,2020-06-08,11:26:59
225,2020-06-08 13:00:05,买入,111.605,600,2020-06-08,13:00:05
226,2020-06-08 13:00:08,买入,111.615,500,2020-06-08,13:00:08
227,2020-06-08 13:00:09,买入,111.618,4100,2020-06-08,13:00:09
228,2020-06-08 13:00:10,买入,111.6182,4100,2020-06-08,13:00:10
229,2020-06-08 13:00:10,买入,111.6263,4100,2020-06-08,13:00:10
230,2020-06-08 13:00:12,买入,111.625,1600,2020-06-08,13:00:12
231,2020-06-08 13:00:18,卖出,111.617,4100,2020-06-08,13:00:18
232,2020-06-08 13:00:18,卖出,111.6253,4100,2020-06-08,13:00:18
233,2020-06-08 13:00:20,卖出,111.6158,4100,2020-06-08,13:00:20
234,2020-06-08 13:00:22,卖出,111.6021,4100,2020-06-08,13:00:22
235,2020-06-08 13:00:32,买入,111.618,4100,2020-06-08,13:00:32
236,2020-06-08 13:00:33,买入,111.6231,4100,2020-06-08,13:00:33
237,2020-06-08 13:00:47,卖出,111.623,100,2020-06-08,13:00:47
238,2020-06-08 13:00:58,卖出,111.628,1000,2020-06-08,13:00:58
239,2020-06-08 13:02:02,卖出,111.6246,1400,2020-06-08,13:02:02
240,2020-06-08 13:02:26,买入,111.6295,4000,2020-06-08,13:02:26
241,2020-06-08 13:03:00,卖出,111.633,2100,2020-06-08,13:03:00
242,2020-06-08 13:04:22,卖出,111.64,1000,2020-06-08,13:04:22
243,2020-06-08 13:04:45,卖出,111.635,100,2020-06-08,13:04:45
244,2020-06-08 13:07:31,买入,111.636,1000,2020-06-08,13:07:31
245,2020-06-08 13:09:16,买入,111.63,200,2020-06-08,13:09:16
246,2020-06-08 13:12:57,卖出,111.634,4000,2020-06-08,13:12:57
247,2020-06-08 13:13:16,买入,111.627,1000,2020-06-08,13:13:16
248,2020-06-08 13:14:54,买入,111.6288,1100,2020-06-08,13:14:54
249,2020-06-08 13:16:08,买入,111.637,1000,2020-06-08,13:16:08
250,2020-06-08 13:16:13,买入,111.63,100,2020-06-08,13:16:13
251,2020-06-08 13:18:09,买入,111.6379,4100,2020-06-08,13:18:09
252,2020-06-08 13:18:10,买入,111.6385,3200,2020-06-08,13:18:10
253,2020-06-08 13:18:13,卖出,111.637,2000,2020-06-08,13:18:13
254,2020-06-08 13:18:13,卖出,111.6373,4100,2020-06-08,13:18:13
255,2020-06-08 13:20:52,买入,111.6328,2400,2020-06-08,13:20:52
256,2020-06-08 13:24:02,买入,111.638,4100,2020-06-08,13:24:02
257,2020-06-08 13:24:49,卖出,111.644,300,2020-06-08,13:24:49
258,2020-06-08 13:24:51,卖出,111.6418,1100,2020-06-08,13:24:51
259,2020-06-08 13:26:19,卖出,111.642,900,2020-06-08,13:26:19
260,2020-06-08 13:28:15,买入,111.656,200,2020-06-08,13:28:15
261,2020-06-08 13:28:45,卖出,111.655,500,2020-06-08,13:28:45
262,2020-06-08 13:28:49,卖出,111.658,900,2020-06-08,13:28:49
263,2020-06-08 13:30:36,买入,111.6623,1500,2020-06-08,13:30:36
264,2020-06-08 13:31:25,卖出,111.69,4100,2020-06-08,13:31:25
265,2020-06-08 13:32:39,买入,111.698,1200,2020-06-08,13:32:39
266,2020-06-08 13:36:33,卖出,111.7064,3500,2020-06-08,13:36:33
267,2020-06-08 13:37:27,卖出,111.696,1000,2020-06-08,13:37:27
268,2020-06-08 13:42:25,买入,111.693,1300,2020-06-08,13:42:25
269,2020-06-08 13:43:53,买入,111.701,500,2020-06-08,13:43:53
270,2020-06-08 13:43:54,买入,111.696,400,2020-06-08,13:43:54
271,2020-06-08 13:47:18,卖出,111.699,500,2020-06-08,13:47:18
272,2020-06-08 13:54:59,买入,111.7139,4100,2020-06-08,13:54:59
273,2020-06-08 13:55:00,买入,111.715,2300,2020-06-08,13:55:00
274,2020-06-08 13:56:03,卖出,111.718,100,2020-06-08,13:56:03
275,2020-06-08 13:56:13,卖出,111.718,4100,2020-06-08,13:56:13
276,2020-06-08 13:56:22,卖出,111.718,3800,2020-06-08,13:56:22
277,2020-06-08 13:56:28,买入,111.721,200,2020-06-08,13:56:28
278,2020-06-08 13:57:43,买入,111.72,4100,2020-06-08,13:57:43
279,2020-06-08 13:57:44,买入,111.72,3900,2020-06-08,13:57:44
280,2020-06-08 14:01:20,卖出,111.752,4100,2020-06-08,14:01:20
281,2020-06-08 14:01:21,卖出,111.758,1500,2020-06-08,14:01:21
282,2020-06-08 14:01:24,买入,111.744,1300,2020-06-08,14:01:24
283,2020-06-08 14:01:51,买入,111.745,700,2020-06-08,14:01:51
284,2020-06-08 14:03:30,买入,111.7574,1700,2020-06-08,14:03:30
285,2020-06-08 14:03:37,买入,111.7591,1000,2020-06-08,14:03:37
286,2020-06-08 14:06:14,卖出,111.764,100,2020-06-08,14:06:14
287,2020-06-08 14:06:20,卖出,111.76,1000,2020-06-08,14:06:20
288,2020-06-08 14:12:25,卖出,111.7582,1100,2020-06-08,14:12:25
289,2020-06-08 14:12:30,卖出,111.756,1000,2020-06-08,14:12:30
290,2020-06-08 14:12:55,买入,111.738,1900,2020-06-08,14:12:55
291,2020-06-08 14:14:46,卖出,111.746,100,2020-06-08,14:14:46
292,2020-06-08 14:14:46,卖出,111.744,3900,2020-06-08,14:14:46
293,2020-06-08 14:15:46,买入,111.736,300,2020-06-08,14:15:46
294,2020-06-08 14:15:58,买入,111.745,4000,2020-06-08,14:15:58
295,2020-06-08 14:16:05,卖出,111.744,4100,2020-06-08,14:16:05
296,2020-06-08 14:16:06,卖出,111.744,900,2020-06-08,14:16:06
297,2020-06-08 14:16:12,买入,111.745,4100,2020-06-08,14:16:12
298,2020-06-08 14:16:13,买入,111.7461,1900,2020-06-08,14:16:13
299,2020-06-08 14:16:26,卖出,111.744,4100,2020-06-08,14:16:26
300,2020-06-08 14:16:27,卖出,111.7378,1900,2020-06-08,14:16:27
301,2020-06-08 14:16:35,买入,111.745,4000,2020-06-08,14:16:35
302,2020-06-08 14:17:34,卖出,111.752,400,2020-06-08,14:17:34
303,2020-06-08 14:18:33,卖出,111.7441,4100,2020-06-08,14:18:33
304,2020-06-08 14:18:34,卖出,111.7424,2500,2020-06-08,14:18:34
305,2020-06-08 14:18:37,买入,111.7451,4100,2020-06-08,14:18:37
306,2020-06-08 14:18:38,买入,111.748,900,2020-06-08,14:18:38
307,2020-06-08 14:18:40,卖出,111.744,4000,2020-06-08,14:18:40
308,2020-06-08 14:22:14,卖出,111.734,4000,2020-06-08,14:22:14
309,2020-06-08 14:23:50,买入,111.733,500,2020-06-08,14:23:50
310,2020-06-08 14:32:20,买入,111.763,1100,2020-06-08,14:32:20
311,2020-06-08 14:39:31,买入,111.743,100,2020-06-08,14:39:31
312,2020-06-08 14:39:50,买入,111.761,900,2020-06-08,14:39:50
313,2020-06-08 14:43:41,卖出,111.762,1000,2020-06-08,14:43:41
314,2020-06-08 14:52:14,买入,111.758,500,2020-06-08,14:52:14
315,2020-06-08 14:53:10,买入,111.765,200,2020-06-08,14:53:10
316,2020-06-08 14:57:50,卖出,111.782,500,2020-06-08,14:57:50
317,2020-06-09 09:41:00,买入,111.9052,2900,2020-06-09,09:41:00
318,2020-06-09 09:47:52,卖出,111.9173,1200,2020-06-09,09:47:52
319,2020-06-09 09:51:36,卖出,111.931,100,2020-06-09,09:51:36
320,2020-06-09 09:52:55,卖出,111.939,100,2020-06-09,09:52:55
321,2020-06-09 09:55:06,卖出,111.9208,1600,2020-06-09,09:55:06
322,2020-06-09 10:01:30,买入,111.923,3400,2020-06-09,10:01:30
323,2020-06-09 10:01:31,买入,111.928,3500,2020-06-09,10:01:31
324,2020-06-09 10:01:33,卖出,111.9188,4000,2020-06-09,10:01:33
325,2020-06-09 10:01:34,卖出,111.9151,4000,2020-06-09,10:01:34
326,2020-06-09 10:01:35,卖出,111.9128,4000,2020-06-09,10:01:35
327,2020-06-09 10:02:26,买入,111.9386,4000,2020-06-09,10:02:26
328,2020-06-09 10:02:27,买入,111.9493,4000,2020-06-09,10:02:27
329,2020-06-09 10:07:19,买入,111.935,2000,2020-06-09,10:07:19
330,2020-06-09 10:08:34,卖出,111.9394,3400,2020-06-09,10:08:34
331,2020-06-09 10:09:34,买入,111.9409,4000,2020-06-09,10:09:34
332,2020-06-09 10:09:35,买入,111.941,4000,2020-06-09,10:09:35
333,2020-06-09 10:09:37,卖出,111.94,4000,2020-06-09,10:09:37
334,2020-06-09 10:09:37,卖出,111.932,2000,2020-06-09,10:09:37
335,2020-06-09 10:10:35,买入,111.949,1000,2020-06-09,10:10:35
336,2020-06-09 10:12:18,卖出,111.9385,1300,2020-06-09,10:12:18
337,2020-06-09 10:13:01,卖出,111.94,200,2020-06-09,10:13:01
338,2020-06-09 10:13:22,卖出,111.93,200,2020-06-09,10:13:22
339,2020-06-09 10:16:15,卖出,111.926,4000,2020-06-09,10:16:15
340,2020-06-09 10:16:22,买入,111.93,1000,2020-06-09,10:16:22
341,2020-06-09 10:16:34,买入,111.925,1000,2020-06-09,10:16:34
342,2020-06-09 10:18:51,买入,111.916,3200,2020-06-09,10:18:51
343,2020-06-09 10:27:28,卖出,111.919,800,2020-06-09,10:27:28
344,2020-06-09 10:29:51,卖出,111.9155,4000,2020-06-09,10:29:51
345,2020-06-09 10:29:52,卖出,111.915,1300,2020-06-09,10:29:52
346,2020-06-09 10:29:54,买入,111.926,2000,2020-06-09,10:29:54
347,2020-06-09 10:32:50,买入,111.9312,4000,2020-06-09,10:32:50
348,2020-06-09 10:32:51,买入,111.9347,3600,2020-06-09,10:32:51
349,2020-06-09 10:32:59,卖出,111.9308,4000,2020-06-09,10:32:59
350,2020-06-09 10:33:00,卖出,111.9288,4000,2020-06-09,10:33:00
351,2020-06-09 10:33:01,卖出,111.9081,3600,2020-06-09,10:33:01
352,2020-06-09 10:38:30,买入,111.9163,4000,2020-06-09,10:38:30
353,2020-06-09 10:38:31,买入,111.931,4000,2020-06-09,10:38:31
354,2020-06-09 10:38:32,卖出,111.926,4000,2020-06-09,10:38:32
355,2020-06-09 10:38:49,卖出,111.916,100,2020-06-09,10:38:49
356,2020-06-09 10:38:59,卖出,111.913,100,2020-06-09,10:38:59
357,2020-06-09 10:39:01,卖出,111.911,1000,2020-06-09,10:39:01
358,2020-06-09 10:40:14,买入,111.894,4000,2020-06-09,10:40:14
359,2020-06-09 10:40:18,卖出,111.893,4000,2020-06-09,10:40:18
360,2020-06-09 10:40:19,卖出,111.8923,3000,2020-06-09,10:40:19
361,2020-06-09 10:40:37,买入,111.894,4000,2020-06-09,10:40:37
362,2020-06-09 10:40:38,买入,111.9,2000,2020-06-09,10:40:38
363,2020-06-09 10:41:04,卖出,111.893,4000,2020-06-09,10:41:04
364,2020-06-09 10:41:19,买入,111.894,4000,2020-06-09,10:41:19
365,2020-06-09 10:41:20,买入,111.8949,1100,2020-06-09,10:41:20
366,2020-06-09 10:41:24,卖出,111.8913,4000,2020-06-09,10:41:24
367,2020-06-09 10:41:27,买入,111.894,3000,2020-06-09,10:41:27
368,2020-06-09 10:41:41,卖出,111.893,3000,2020-06-09,10:41:41
369,2020-06-09 10:42:24,买入,111.894,3000,2020-06-09,10:42:24
370,2020-06-09 10:42:47,卖出,111.8925,4000,2020-06-09,10:42:47
371,2020-06-09 10:43:04,买入,111.894,3000,2020-06-09,10:43:04
372,2020-06-09 10:43:27,卖出,111.893,3000,2020-06-09,10:43:27
373,2020-06-09 10:43:30,买入,111.894,4000,2020-06-09,10:43:30
374,2020-06-09 10:43:53,卖出,111.897,100,2020-06-09,10:43:53
375,2020-06-09 10:43:56,卖出,111.893,3000,2020-06-09,10:43:56
376,2020-06-09 10:45:18,买入,111.877,100,2020-06-09,10:45:18
377,2020-06-09 10:47:42,买入,111.867,4000,2020-06-09,10:47:42
378,2020-06-09 10:47:42,买入,111.855,3400,2020-06-09,10:47:42
379,2020-06-09 10:47:55,卖出,111.8511,4000,2020-06-09,10:47:55
380,2020-06-09 10:47:56,卖出,111.8501,1700,2020-06-09,10:47:56
381,2020-06-09 10:48:08,买入,111.8534,1400,2020-06-09,10:48:08
382,2020-06-09 10:52:01,买入,111.8528,1100,2020-06-09,10:52:01
383,2020-06-09 10:55:25,卖出,111.891,100,2020-06-09,10:55:25
384,2020-06-09 11:03:27,卖出,111.872,1000,2020-06-09,11:03:27
385,2020-06-09 11:10:13,买入,111.8893,3100,2020-06-09,11:10:13
386,2020-06-09 11:12:02,卖出,111.886,100,2020-06-09,11:12:02
387,2020-06-09 11:12:16,卖出,111.886,100,2020-06-09,11:12:16
388,2020-06-09 11:13:19,卖出,111.875,4000,2020-06-09,11:13:19
389,2020-06-09 11:13:20,卖出,111.875,4000,2020-06-09,11:13:20
390,2020-06-09 11:13:21,卖出,111.877,1000,2020-06-09,11:13:21
391,2020-06-09 11:15:22,买入,111.9115,4000,2020-06-09,11:15:22
392,2020-06-09 11:15:29,卖出,111.919,100,2020-06-09,11:15:29
393,2020-06-09 11:16:08,买入,111.887,3500,2020-06-09,11:16:08
394,2020-06-09 11:18:15,卖出,111.8738,4000,2020-06-09,11:18:15
395,2020-06-09 11:18:23,买入,111.868,100,2020-06-09,11:18:23
396,2020-06-09 11:20:16,买入,111.868,1000,2020-06-09,11:20:16
397,2020-06-09 11:21:32,买入,111.862,1000,2020-06-09,11:21:32
398,2020-06-09 13:03:18,卖出,111.888,1000,2020-06-09,13:03:18
399,2020-06-09 13:05:02,买入,111.8725,4000,2020-06-09,13:05:02
400,2020-06-09 13:05:36,卖出,111.876,100,2020-06-09,13:05:36
401,2020-06-09 13:05:38,卖出,111.875,4000,2020-06-09,13:05:38
402,2020-06-09 13:05:39,卖出,111.8741,4000,2020-06-09,13:05:39
403,2020-06-09 13:05:44,买入,111.875,4000,2020-06-09,13:05:44
404,2020-06-09 13:05:44,买入,111.886,4000,2020-06-09,13:05:44
405,2020-06-09 13:06:15,卖出,111.878,200,2020-06-09,13:06:15
406,2020-06-09 13:09:33,卖出,111.878,1000,2020-06-09,13:09:33
407,2020-06-09 13:10:57,买入,111.891,700,2020-06-09,13:10:57
408,2020-06-09 13:10:58,买入,111.8942,2500,2020-06-09,13:10:58
409,2020-06-09 13:13:43,卖出,111.9035,200,2020-06-09,13:13:43
410,2020-06-09 13:13:47,卖出,111.9,4000,2020-06-09,13:13:47
411,2020-06-09 13:13:47,卖出,111.905,3900,2020-06-09,13:13:47
412,2020-06-09 13:13:53,买入,111.9124,4000,2020-06-09,13:13:53
413,2020-06-09 13:15:53,买入,111.899,300,2020-06-09,13:15:53
414,2020-06-09 13:21:54,卖出,111.9072,4000,2020-06-09,13:21:54
415,2020-06-09 13:21:56,卖出,111.9067,3100,2020-06-09,13:21:56
416,2020-06-09 13:21:59,买入,111.912,4000,2020-06-09,13:21:59
417,2020-06-09 13:21:59,买入,111.908,4000,2020-06-09,13:21:59
418,2020-06-09 13:22:00,买入,111.919,4000,2020-06-09,13:22:00
419,2020-06-09 13:22:01,卖出,111.907,4000,2020-06-09,13:22:01
420,2020-06-09 13:22:02,卖出,111.902,4000,2020-06-09,13:22:02
421,2020-06-09 13:22:02,卖出,111.8912,4000,2020-06-09,13:22:02
422,2020-06-09 13:22:03,买入,111.908,4000,2020-06-09,13:22:03
423,2020-06-09 13:22:04,买入,111.917,4000,2020-06-09,13:22:04
424,2020-06-09 13:22:07,卖出,111.9,4000,2020-06-09,13:22:07
425,2020-06-09 13:22:07,卖出,111.907,4000,2020-06-09,13:22:07
426,2020-06-09 13:22:10,买入,111.908,4000,2020-06-09,13:22:10
427,2020-06-09 13:22:10,买入,111.9098,4000,2020-06-09,13:22:10
428,2020-06-09 13:22:11,买入,111.9301,2100,2020-06-09,13:22:11
429,2020-06-09 13:22:18,卖出,111.918,4000,2020-06-09,13:22:18
430,2020-06-09 13:22:19,卖出,111.907,4000,2020-06-09,13:22:19
431,2020-06-09 13:22:26,买入,111.9085,4000,2020-06-09,13:22:26
432,2020-06-09 13:22:32,卖出,111.907,4000,2020-06-09,13:22:32
433,2020-06-09 13:22:33,卖出,111.907,2000,2020-06-09,13:22:33
434,2020-06-09 13:22:36,买入,111.908,4000,2020-06-09,13:22:36
435,2020-06-09 13:22:36,买入,111.9127,3000,2020-06-09,13:22:36
436,2020-06-09 13:22:47,卖出,111.907,4000,2020-06-09,13:22:47
437,2020-06-09 13:22:48,卖出,111.8955,4000,2020-06-09,13:22:48
438,2020-06-09 13:22:51,买入,111.908,4000,2020-06-09,13:22:51
439,2020-06-09 13:22:51,买入,111.9205,4000,2020-06-09,13:22:51
440,2020-06-09 13:23:06,卖出,111.9057,3000,2020-06-09,13:23:06
441,2020-06-09 13:27:11,卖出,111.894,1000,2020-06-09,13:27:11
442,2020-06-09 13:27:54,卖出,111.8884,2900,2020-06-09,13:27:54
443,2020-06-09 13:27:54,卖出,111.887,1300,2020-06-09,13:27:54
444,2020-06-09 13:36:46,买入,111.8851,3000,2020-06-09,13:36:46
445,2020-06-09 13:36:46,买入,111.8687,3000,2020-06-09,13:36:46
446,2020-06-09 13:38:43,买入,111.831,2500,2020-06-09,13:38:43
447,2020-06-09 13:39:40,买入,111.809,3000,2020-06-09,13:39:40
448,2020-06-09 13:39:41,买入,111.809,500,2020-06-09,13:39:41
449,2020-06-09 13:42:40,买入,111.775,2400,2020-06-09,13:42:40
450,2020-06-09 13:46:28,买入,111.782,100,2020-06-09,13:46:28
451,2020-06-09 13:56:25,卖出,111.8122,500,2020-06-09,13:56:25
452,2020-06-09 13:56:38,卖出,111.808,200,2020-06-09,13:56:38
453,2020-06-09 13:56:38,卖出,111.8043,3000,2020-06-09,13:56:38
454,2020-06-09 14:06:06,买入,111.8234,3000,2020-06-09,14:06:06
455,2020-06-09 14:06:07,买入,111.825,600,2020-06-09,14:06:07
456,2020-06-09 14:06:19,卖出,111.847,200,2020-06-09,14:06:19
457,2020-06-09 14:14:42,卖出,111.852,100,2020-06-09,14:14:42
458,2020-06-09 14:16:56,买入,111.848,2400,2020-06-09,14:16:56
459,2020-06-09 14:18:48,卖出,111.8587,1100,2020-06-09,14:18:48
460,2020-06-09 14:20:17,卖出,111.8445,1300,2020-06-09,14:20:17
461,2020-06-09 14:21:08,卖出,111.853,100,2020-06-09,14:21:08
462,2020-06-09 14:22:57,卖出,111.861,3000,2020-06-09,14:22:57
463,2020-06-09 14:22:58,卖出,111.861,3000,2020-06-09,14:22:58
464,2020-06-09 14:25:12,买入,111.845,100,2020-06-09,14:25:12
465,2020-06-09 14:28:13,卖出,111.8451,2200,2020-06-09,14:28:13
466,2020-06-09 14:28:24,卖出,111.84,200,2020-06-09,14:28:24
467,2020-06-09 14:28:26,卖出,111.838,1000,2020-06-09,14:28:26
468,2020-06-09 14:29:13,卖出,111.854,100,2020-06-09,14:29:13
469,2020-06-09 14:30:02,买入,111.824,3000,2020-06-09,14:30:02
470,2020-06-09 14:30:02,买入,111.824,3000,2020-06-09,14:30:02
471,2020-06-09 14:30:04,卖出,111.8163,3000,2020-06-09,14:30:04
472,2020-06-09 14:33:40,卖出,111.8,400,2020-06-09,14:33:40
473,2020-06-09 14:37:33,卖出,111.81,100,2020-06-09,14:37:33
474,2020-06-09 14:39:01,卖出,111.8122,1100,2020-06-09,14:39:01
475,2020-06-09 14:50:39,卖出,111.799,100,2020-06-09,14:50:39
476,2020-06-09 14:51:00,卖出,111.789,100,2020-06-09,14:51:00
477,2020-06-09 14:51:34,卖出,111.782,3000,2020-06-09,14:51:34
478,2020-06-09 14:52:22,买入,111.756,3000,2020-06-09,14:52:22
479,2020-06-09 14:54:07,卖出,111.77,100,2020-06-09,14:54:07
480,2020-06-09 14:55:01,卖出,111.777,100,2020-06-09,14:55:01
481,2020-06-09 14:55:10,卖出,111.772,100,2020-06-09,14:55:10
482,2020-06-10 09:34:32,买入,111.855,4000,2020-06-10,09:34:32
483,2020-06-10 09:34:33,买入,111.861,200,2020-06-10,09:34:33
484,2020-06-10 09:35:01,卖出,111.877,400,2020-06-10,09:35:01
485,2020-06-10 09:35:08,卖出,111.872,4000,2020-06-10,09:35:08
486,2020-06-10 09:35:08,卖出,111.872,4000,2020-06-10,09:35:08
487,2020-06-10 09:35:18,买入,111.905,200,2020-06-10,09:35:18
488,2020-06-10 09:35:21,买入,111.905,300,2020-06-10,09:35:21
489,2020-06-10 09:36:02,买入,111.885,500,2020-06-10,09:36:02
490,2020-06-10 09:36:04,买入,111.89,1000,2020-06-10,09:36:04
491,2020-06-10 09:36:07,买入,111.888,200,2020-06-10,09:36:07
492,2020-06-10 09:36:11,买入,111.887,2000,2020-06-10,09:36:11
493,2020-06-10 09:37:05,卖出,111.924,4000,2020-06-10,09:37:05
494,2020-06-10 09:37:06,卖出,111.924,4000,2020-06-10,09:37:06
495,2020-06-10 09:37:22,买入,111.964,2000,2020-06-10,09:37:22
496,2020-06-10 09:37:25,买入,111.956,100,2020-06-10,09:37:25
497,2020-06-10 09:37:34,买入,111.956,800,2020-06-10,09:37:34
498,2020-06-10 09:37:40,买入,111.941,4000,2020-06-10,09:37:40
499,2020-06-10 09:37:40,买入,111.943,4000,2020-06-10,09:37:40
500,2020-06-10 09:37:42,卖出,111.894,4000,2020-06-10,09:37:42
501,2020-06-10 09:41:12,卖出,111.887,200,2020-06-10,09:41:12
502,2020-06-10 09:42:44,买入,111.898,500,2020-06-10,09:42:44
503,2020-06-10 09:50:05,卖出,111.925,100,2020-06-10,09:50:05
504,2020-06-10 09:52:31,买入,111.9158,4000,2020-06-10,09:52:31
505,2020-06-10 09:52:32,买入,111.927,1600,2020-06-10,09:52:32
506,2020-06-10 09:52:41,卖出,111.919,2000,2020-06-10,09:52:41
507,2020-06-10 09:54:28,卖出,111.915,100,2020-06-10,09:54:28
508,2020-06-10 09:54:42,卖出,111.9,3500,2020-06-10,09:54:42
509,2020-06-10 09:54:46,买入,111.902,1000,2020-06-10,09:54:46
510,2020-06-10 09:57:39,卖出,111.8962,1100,2020-06-10,09:57:39
511,2020-06-10 09:58:04,买入,111.886,400,2020-06-10,09:58:04
512,2020-06-10 09:59:20,买入,111.889,4000,2020-06-10,09:59:20
513,2020-06-10 09:59:20,买入,111.884,900,2020-06-10,09:59:20
514,2020-06-10 09:59:24,卖出,111.885,2000,2020-06-10,09:59:24
515,2020-06-10 10:00:36,卖出,111.876,100,2020-06-10,10:00:36
516,2020-06-10 10:01:13,卖出,111.856,100,2020-06-10,10:01:13
517,2020-06-10 10:04:32,买入,111.85,1000,2020-06-10,10:04:32
518,2020-06-10 10:07:51,买入,111.837,300,2020-06-10,10:07:51
519,2020-06-10 10:16:42,卖出,111.823,4000,2020-06-10,10:16:42
520,2020-06-10 10:16:42,卖出,111.823,300,2020-06-10,10:16:42
521,2020-06-10 10:16:44,买入,111.827,1000,2020-06-10,10:16:44
522,2020-06-10 10:17:17,买入,111.835,4000,2020-06-10,10:17:17
523,2020-06-10 10:17:18,买入,111.837,4000,2020-06-10,10:17:18
524,2020-06-10 10:21:51,卖出,111.8196,4000,2020-06-10,10:21:51
525,2020-06-10 10:21:52,卖出,111.8106,2000,2020-06-10,10:21:52
526,2020-06-10 10:22:10,买入,111.804,1000,2020-06-10,10:22:10
527,2020-06-10 10:25:53,买入,111.8118,1100,2020-06-10,10:25:53
528,2020-06-10 10:35:24,买入,111.806,100,2020-06-10,10:35:24
529,2020-06-10 10:37:50,买入,111.82,1000,2020-06-10,10:37:50
530,2020-06-10 10:38:50,卖出,111.846,800,2020-06-10,10:38:50
531,2020-06-10 10:46:01,卖出,111.831,100,2020-06-10,10:46:01
532,2020-06-10 10:52:15,卖出,111.817,1000,2020-06-10,10:52:15
533,2020-06-10 10:53:15,卖出,111.8138,3400,2020-06-10,10:53:15
534,2020-06-10 10:53:36,买入,111.807,4000,2020-06-10,10:53:36
535,2020-06-10 10:53:37,买入,111.807,2000,2020-06-10,10:53:37
536,2020-06-10 10:53:40,卖出,111.8051,4000,2020-06-10,10:53:40
537,2020-06-10 10:53:40,卖出,111.803,2400,2020-06-10,10:53:40
538,2020-06-10 10:54:14,买入,111.808,3500,2020-06-10,10:54:14
539,2020-06-10 10:56:25,卖出,111.779,1000,2020-06-10,10:56:25
540,2020-06-10 11:10:52,卖出,111.7722,4000,2020-06-10,11:10:52
541,2020-06-10 11:10:53,卖出,111.772,600,2020-06-10,11:10:53
542,2020-06-10 11:10:54,买入,111.773,4000,2020-06-10,11:10:54
543,2020-06-10 11:15:37,买入,111.762,1700,2020-06-10,11:15:37
544,2020-06-10 11:23:14,买入,111.768,1200,2020-06-10,11:23:14
545,2020-06-10 13:01:05,买入,111.776,1000,2020-06-10,13:01:05
546,2020-06-10 13:01:05,买入,111.7741,4000,2020-06-10,13:01:05
547,2020-06-10 13:01:28,买入,111.781,600,2020-06-10,13:01:28
548,2020-06-10 13:02:04,买入,111.8075,4000,2020-06-10,13:02:04
549,2020-06-10 13:02:15,买入,111.82,1000,2020-06-10,13:02:15
550,2020-06-10 13:03:13,卖出,111.8389,4000,2020-06-10,13:03:13
551,2020-06-10 13:03:14,卖出,111.8362,4000,2020-06-10,13:03:14
552,2020-06-10 13:03:30,买入,111.829,100,2020-06-10,13:03:30
553,2020-06-10 13:05:35,买入,111.8307,3000,2020-06-10,13:05:35
554,2020-06-10 13:06:00,买入,111.8397,4000,2020-06-10,13:06:00
555,2020-06-10 13:06:01,买入,111.84,4000,2020-06-10,13:06:01
556,2020-06-10 13:06:12,卖出,111.839,4000,2020-06-10,13:06:12
557,2020-06-10 13:06:12,卖出,111.839,4000,2020-06-10,13:06:12
558,2020-06-10 13:07:32,卖出,111.837,1000,2020-06-10,13:07:32
559,2020-06-10 13:07:35,卖出,111.8275,4000,2020-06-10,13:07:35
560,2020-06-10 13:07:48,买入,111.829,1000,2020-06-10,13:07:48
561,2020-06-10 13:10:18,卖出,111.8398,4000,2020-06-10,13:10:18
562,2020-06-10 13:10:18,卖出,111.839,4000,2020-06-10,13:10:18
563,2020-06-10 13:10:20,买入,111.84,4000,2020-06-10,13:10:20
564,2020-06-10 13:10:21,买入,111.8425,4000,2020-06-10,13:10:21
565,2020-06-10 13:10:22,买入,111.84,4000,2020-06-10,13:10:22
566,2020-06-10 13:10:23,卖出,111.839,4000,2020-06-10,13:10:23
567,2020-06-10 13:10:25,卖出,111.837,1000,2020-06-10,13:10:25
568,2020-06-10 13:10:25,卖出,111.839,4000,2020-06-10,13:10:25
569,2020-06-10 13:11:57,买入,111.835,4000,2020-06-10,13:11:57
570,2020-06-10 13:11:58,买入,111.835,4000,2020-06-10,13:11:58
571,2020-06-10 13:12:03,卖出,111.8243,4000,2020-06-10,13:12:03
572,2020-06-10 13:12:04,卖出,111.8208,4000,2020-06-10,13:12:04
573,2020-06-10 13:12:05,卖出,111.818,4000,2020-06-10,13:12:05
574,2020-06-10 13:13:07,买入,111.83,4000,2020-06-10,13:13:07
575,2020-06-10 13:13:07,买入,111.83,4000,2020-06-10,13:13:07
576,2020-06-10 13:13:10,卖出,111.8179,4000,2020-06-10,13:13:10
577,2020-06-10 13:13:10,卖出,111.8,1800,2020-06-10,13:13:10
578,2020-06-10 13:13:56,卖出,111.813,3500,2020-06-10,13:13:56
579,2020-06-10 13:14:26,买入,111.8036,4000,2020-06-10,13:14:26
580,2020-06-10 13:14:26,买入,111.805,3800,2020-06-10,13:14:26
581,2020-06-10 13:14:32,卖出,111.7681,4000,2020-06-10,13:14:32
582,2020-06-10 13:14:32,卖出,111.802,2000,2020-06-10,13:14:32
583,2020-06-10 13:14:35,买入,111.788,2000,2020-06-10,13:14:35
584,2020-06-10 13:16:32,买入,111.78,3900,2020-06-10,13:16:32
585,2020-06-10 13:16:39,卖出,111.778,1000,2020-06-10,13:16:39
586,2020-06-10 13:17:00,卖出,111.768,2000,2020-06-10,13:17:00
587,2020-06-10 13:19:31,卖出,111.755,100,2020-06-10,13:19:31
588,2020-06-10 13:19:40,卖出,111.745,2000,2020-06-10,13:19:40
589,2020-06-10 13:19:47,买入,111.735,100,2020-06-10,13:19:47
590,2020-06-10 13:20:05,买入,111.72,3000,2020-06-10,13:20:05
591,2020-06-10 13:20:05,买入,111.725,4000,2020-06-10,13:20:05
592,2020-06-10 13:20:08,卖出,111.703,2000,2020-06-10,13:20:08
593,2020-06-10 13:20:50,卖出,111.716,4000,2020-06-10,13:20:50
594,2020-06-10 13:20:50,卖出,111.716,4000,2020-06-10,13:20:50
595,2020-06-10 13:21:02,买入,111.7467,3000,2020-06-10,13:21:02
596,2020-06-10 13:21:48,买入,111.735,4000,2020-06-10,13:21:48
597,2020-06-10 13:21:49,买入,111.735,4000,2020-06-10,13:21:49
598,2020-06-10 13:21:56,卖出,111.715,2000,2020-06-10,13:21:56
599,2020-06-10 13:22:10,卖出,111.724,100,2020-06-10,13:22:10
600,2020-06-10 13:23:35,卖出,111.7074,1500,2020-06-10,13:23:35
601,2020-06-10 13:26:15,买入,111.66,4000,2020-06-10,13:26:15
602,2020-06-10 13:26:16,买入,111.66,2200,2020-06-10,13:26:16
603,2020-06-10 13:27:44,卖出,111.677,1500,2020-06-10,13:27:44
604,2020-06-10 13:31:55,卖出,111.652,400,2020-06-10,13:31:55
605,2020-06-10 13:32:50,卖出,111.673,100,2020-06-10,13:32:50
606,2020-06-10 13:48:28,买入,111.669,1900,2020-06-10,13:48:28
607,2020-06-10 13:48:44,买入,111.669,500,2020-06-10,13:48:44
608,2020-06-10 13:50:30,卖出,111.677,100,2020-06-10,13:50:30
609,2020-06-10 13:50:50,卖出,111.669,100,2020-06-10,13:50:50
610,2020-06-10 13:51:33,卖出,111.654,100,2020-06-10,13:51:33
611,2020-06-10 13:51:36,卖出,111.651,4000,2020-06-10,13:51:36
612,2020-06-10 13:53:21,买入,111.646,1000,2020-06-10,13:53:21
613,2020-06-10 14:10:38,买入,111.652,3000,2020-06-10,14:10:38
614,2020-06-10 14:15:09,买入,111.671,1900,2020-06-10,14:15:09
615,2020-06-10 14:15:34,卖出,111.693,200,2020-06-10,14:15:34
616,2020-06-10 14:16:30,卖出,111.6808,1800,2020-06-10,14:16:30
617,2020-06-10 14:16:44,卖出,111.685,100,2020-06-10,14:16:44
618,2020-06-10 14:16:46,卖出,111.683,1000,2020-06-10,14:16:46
619,2020-06-10 14:17:28,卖出,111.687,100,2020-06-10,14:17:28
620,2020-06-10 14:18:24,卖出,111.6832,1100,2020-06-10,14:18:24
621,2020-06-10 14:18:43,卖出,111.68,100,2020-06-10,14:18:43
622,2020-06-10 14:18:45,卖出,111.677,1000,2020-06-10,14:18:45
623,2020-06-10 14:20:23,买入,111.68,300,2020-06-10,14:20:23
624,2020-06-10 14:20:43,买入,111.689,1700,2020-06-10,14:20:43
625,2020-06-10 14:24:24,卖出,111.737,100,2020-06-10,14:24:24
626,2020-06-10 14:27:30,卖出,111.733,500,2020-06-10,14:27:30
627,2020-06-10 14:27:30,卖出,111.733,500,2020-06-10,14:27:30
628,2020-06-10 14:27:30,卖出,111.733,500,2020-06-10,14:27:30
629,2020-06-10 14:27:31,卖出,111.733,500,2020-06-10,14:27:31
630,2020-06-10 14:27:32,卖出,111.731,500,2020-06-10,14:27:32
631,2020-06-10 14:27:33,卖出,111.731,500,2020-06-10,14:27:33
632,2020-06-10 14:28:35,卖出,111.754,100,2020-06-10,14:28:35
633,2020-06-10 14:29:25,卖出,111.754,500,2020-06-10,14:29:25
634,2020-06-10 14:37:34,卖出,111.759,100,2020-06-10,14:37:34
635,2020-06-10 14:37:57,卖出,111.745,400,2020-06-10,14:37:57
636,2020-06-10 14:50:07,卖出,111.753,1000,2020-06-10,14:50:07
637,2020-06-10 14:50:50,卖出,111.7338,3000,2020-06-10,14:50:50
638,2020-06-10 14:53:42,买入,111.741,100,2020-06-10,14:53:42
639,2020-06-11 09:32:47,买入,111.9233,2400,2020-06-11,09:32:47
640,2020-06-11 09:33:07,买入,111.92,100,2020-06-11,09:33:07
641,2020-06-11 09:33:12,买入,111.92,2000,2020-06-11,09:33:12
642,2020-06-11 09:33:49,买入,111.915,200,2020-06-11,09:33:49
643,2020-06-11 09:35:21,买入,111.9247,300,2020-06-11,09:35:21
644,2020-06-11 09:35:29,买入,111.924,600,2020-06-11,09:35:29
645,2020-06-11 09:36:58,卖出,111.911,500,2020-06-11,09:36:58
646,2020-06-11 09:37:23,卖出,111.9064,3000,2020-06-11,09:37:23
647,2020-06-11 09:37:24,卖出,111.9012,3000,2020-06-11,09:37:24
648,2020-06-11 09:37:43,买入,111.8988,1100,2020-06-11,09:37:43
649,2020-06-11 09:40:47,卖出,111.897,3000,2020-06-11,09:40:47
650,2020-06-11 09:40:48,卖出,111.895,1000,2020-06-11,09:40:48
651,2020-06-11 09:40:53,买入,111.897,3000,2020-06-11,09:40:53
652,2020-06-11 09:40:53,买入,111.897,500,2020-06-11,09:40:53
653,2020-06-11 09:47:21,卖出,111.925,300,2020-06-11,09:47:21
654,2020-06-11 09:47:22,卖出,111.923,1000,2020-06-11,09:47:22
655,2020-06-11 09:52:12,买入,111.942,200,2020-06-11,09:52:12
656,2020-06-11 09:52:29,买入,111.9493,3000,2020-06-11,09:52:29
657,2020-06-11 09:52:30,买入,111.9517,3000,2020-06-11,09:52:30
658,2020-06-11 09:56:43,卖出,111.938,3000,2020-06-11,09:56:43
659,2020-06-11 09:56:44,卖出,111.91,2000,2020-06-11,09:56:44
660,2020-06-11 09:56:45,卖出,111.928,2000,2020-06-11,09:56:45
661,2020-06-11 09:57:06,买入,111.924,3000,2020-06-11,09:57:06
662,2020-06-11 09:57:07,买入,111.914,1000,2020-06-11,09:57:07
663,2020-06-11 09:57:10,卖出,111.918,1000,2020-06-11,09:57:10
664,2020-06-11 09:58:14,卖出,111.927,100,2020-06-11,09:58:14
665,2020-06-11 09:59:20,买入,111.887,2800,2020-06-11,09:59:20
666,2020-06-11 10:00:27,买入,111.888,200,2020-06-11,10:00:27
667,2020-06-11 10:00:31,卖出,111.914,500,2020-06-11,10:00:31
668,2020-06-11 10:02:21,卖出,111.93,1000,2020-06-11,10:02:21
669,2020-06-11 10:02:41,买入,111.916,100,2020-06-11,10:02:41
670,2020-06-11 10:04:09,卖出,111.937,200,2020-06-11,10:04:09
671,2020-06-11 10:04:37,卖出,111.929,300,2020-06-11,10:04:37
672,2020-06-11 10:11:03,卖出,111.908,100,2020-06-11,10:11:03
673,2020-06-11 10:18:08,卖出,111.92,1000,2020-06-11,10:18:08
674,2020-06-11 10:19:25,买入,111.905,1900,2020-06-11,10:19:25
675,2020-06-11 10:21:18,买入,111.911,1000,2020-06-11,10:21:18
676,2020-06-11 10:24:53,卖出,111.909,3000,2020-06-11,10:24:53
677,2020-06-11 10:24:53,卖出,111.909,1000,2020-06-11,10:24:53
678,2020-06-11 10:24:55,买入,111.91,3000,2020-06-11,10:24:55
679,2020-06-11 10:24:56,买入,111.911,3000,2020-06-11,10:24:56
680,2020-06-11 10:25:11,卖出,111.906,2000,2020-06-11,10:25:11
681,2020-06-11 10:25:55,卖出,111.908,3000,2020-06-11,10:25:55
682,2020-06-11 10:25:56,卖出,111.906,3000,2020-06-11,10:25:56
683,2020-06-11 10:25:57,卖出,111.908,3000,2020-06-11,10:25:57
684,2020-06-11 10:32:35,买入,111.9195,3000,2020-06-11,10:32:35
685,2020-06-11 10:32:37,买入,111.9273,3000,2020-06-11,10:32:37
686,2020-06-11 10:32:38,买入,111.929,400,2020-06-11,10:32:38
687,2020-06-11 10:32:45,卖出,111.9083,3000,2020-06-11,10:32:45
688,2020-06-11 10:32:46,卖出,111.908,3000,2020-06-11,10:32:46
689,2020-06-11 10:32:47,买入,111.909,3000,2020-06-11,10:32:47
690,2020-06-11 10:32:48,买入,111.907,3000,2020-06-11,10:32:48
691,2020-06-11 10:32:49,买入,111.9077,3000,2020-06-11,10:32:49
692,2020-06-11 10:32:49,买入,111.909,3000,2020-06-11,10:32:49
693,2020-06-11 10:32:50,买入,111.909,3000,2020-06-11,10:32:50
694,2020-06-11 10:32:50,买入,111.913,2000,2020-06-11,10:32:50
695,2020-06-11 10:32:53,卖出,111.908,3000,2020-06-11,10:32:53
696,2020-06-11 10:32:54,卖出,111.908,3000,2020-06-11,10:32:54
697,2020-06-11 10:32:55,卖出,111.9027,3000,2020-06-11,10:32:55
698,2020-06-11 10:32:55,卖出,111.9017,3000,2020-06-11,10:32:55
699,2020-06-11 10:32:56,卖出,111.8827,3000,2020-06-11,10:32:56
700,2020-06-11 10:32:57,买入,111.9017,3000,2020-06-11,10:32:57
701,2020-06-11 10:32:58,买入,111.909,3000,2020-06-11,10:32:58
702,2020-06-11 10:32:58,买入,111.909,3000,2020-06-11,10:32:58
703,2020-06-11 10:33:01,卖出,111.908,3000,2020-06-11,10:33:01
704,2020-06-11 10:33:02,卖出,111.908,3000,2020-06-11,10:33:02
705,2020-06-11 10:33:02,卖出,111.9047,3000,2020-06-11,10:33:02
706,2020-06-11 10:33:06,买入,111.909,3000,2020-06-11,10:33:06
707,2020-06-11 10:33:06,买入,111.909,3000,2020-06-11,10:33:06
708,2020-06-11 10:33:07,买入,111.911,1000,2020-06-11,10:33:07
709,2020-06-11 10:33:09,卖出,111.9093,3000,2020-06-11,10:33:09
710,2020-06-11 10:33:10,卖出,111.908,3000,2020-06-11,10:33:10
711,2020-06-11 10:33:11,卖出,111.908,3000,2020-06-11,10:33:11
712,2020-06-11 10:33:12,买入,111.909,3000,2020-06-11,10:33:12
713,2020-06-11 10:33:12,买入,111.909,3000,2020-06-11,10:33:12
714,2020-06-11 10:33:19,卖出,111.909,3000,2020-06-11,10:33:19
715,2020-06-11 10:33:19,卖出,111.909,3000,2020-06-11,10:33:19
716,2020-06-11 10:33:21,买入,111.919,3000,2020-06-11,10:33:21
717,2020-06-11 10:33:21,买入,111.925,2000,2020-06-11,10:33:21
718,2020-06-11 10:34:04,卖出,111.9077,3000,2020-06-11,10:34:04
719,2020-06-11 10:34:04,卖出,111.9052,3000,2020-06-11,10:34:04
720,2020-06-11 10:34:05,买入,111.9131,2900,2020-06-11,10:34:05
721,2020-06-11 10:34:11,买入,111.9,1000,2020-06-11,10:34:11
722,2020-06-11 10:34:47,买入,111.909,3000,2020-06-11,10:34:47
723,2020-06-11 10:34:48,买入,111.909,3000,2020-06-11,10:34:48
724,2020-06-11 10:34:51,卖出,111.908,3000,2020-06-11,10:34:51
725,2020-06-11 10:34:52,卖出,111.908,3000,2020-06-11,10:34:52
726,2020-06-11 10:34:53,卖出,111.908,300,2020-06-11,10:34:53
727,2020-06-11 10:34:55,买入,111.908,3000,2020-06-11,10:34:55
728,2020-06-11 10:34:55,买入,111.9083,3000,2020-06-11,10:34:55
729,2020-06-11 10:34:56,买入,111.909,3000,2020-06-11,10:34:56
730,2020-06-11 10:34:56,卖出,111.908,3000,2020-06-11,10:34:56
731,2020-06-11 10:34:57,卖出,111.908,1000,2020-06-11,10:34:57
732,2020-06-11 10:35:08,卖出,111.897,200,2020-06-11,10:35:08
733,2020-06-11 10:35:18,卖出,111.907,3000,2020-06-11,10:35:18
734,2020-06-11 10:35:18,卖出,111.9079,1100,2020-06-11,10:35:18
735,2020-06-11 10:35:23,买入,111.909,3000,2020-06-11,10:35:23
736,2020-06-11 10:41:20,买入,111.897,1000,2020-06-11,10:41:20
737,2020-06-11 10:57:00,卖出,111.9302,1100,2020-06-11,10:57:00
738,2020-06-11 10:57:39,卖出,111.943,100,2020-06-11,10:57:39
739,2020-06-11 10:58:52,买入,111.916,2700,2020-06-11,10:58:52
740,2020-06-11 10:59:32,买入,111.918,1000,2020-06-11,10:59:32
741,2020-06-11 10:59:44,买入,111.9258,2600,2020-06-11,10:59:44
742,2020-06-11 11:00:13,卖出,111.946,100,2020-06-11,11:00:13
743,2020-06-11 11:01:47,卖出,111.9432,1100,2020-06-11,11:01:47
744,2020-06-11 11:06:38,卖出,111.9473,3000,2020-06-11,11:06:38
745,2020-06-11 11:06:38,卖出,111.9499,3000,2020-06-11,11:06:38
746,2020-06-11 11:07:00,买入,111.939,2500,2020-06-11,11:07:00
747,2020-06-11 11:09:02,买入,111.953,2000,2020-06-11,11:09:02
748,2020-06-11 11:11:08,卖出,111.969,400,2020-06-11,11:11:08
749,2020-06-11 11:12:12,卖出,111.9622,1100,2020-06-11,11:12:12
750,2020-06-11 11:14:46,买入,111.966,3000,2020-06-11,11:14:46
751,2020-06-11 11:14:47,买入,111.966,400,2020-06-11,11:14:47
752,2020-06-11 11:15:36,卖出,111.976,3000,2020-06-11,11:15:36
753,2020-06-11 11:15:37,卖出,111.976,3000,2020-06-11,11:15:37
754,2020-06-11 11:15:38,卖出,111.976,800,2020-06-11,11:15:38
755,2020-06-11 11:15:46,买入,111.98,1700,2020-06-11,11:15:46
756,2020-06-11 11:20:51,买入,111.947,100,2020-06-11,11:20:51
757,2020-06-11 11:29:14,买入,111.9791,3000,2020-06-11,11:29:14
758,2020-06-11 11:29:16,买入,111.979,600,2020-06-11,11:29:16
759,2020-06-11 11:29:46,卖出,111.993,3000,2020-06-11,11:29:46
760,2020-06-11 11:29:47,卖出,111.993,500,2020-06-11,11:29:47
761,2020-06-11 13:00:02,买入,111.9986,3000,2020-06-11,13:00:02
762,2020-06-11 13:00:02,买入,112.0,2100,2020-06-11,13:00:02
763,2020-06-11 13:00:14,卖出,112.006,3000,2020-06-11,13:00:14
764,2020-06-11 13:03:43,卖出,111.997,1000,2020-06-11,13:03:43
765,2020-06-11 13:07:22,卖出,112.018,100,2020-06-11,13:07:22
766,2020-06-11 13:08:01,买入,111.993,3000,2020-06-11,13:08:01
767,2020-06-11 13:08:01,买入,111.993,2000,2020-06-11,13:08:01
768,2020-06-11 13:08:09,卖出,112.001,100,2020-06-11,13:08:09
769,2020-06-11 13:09:00,买入,112.02,200,2020-06-11,13:09:00
770,2020-06-11 13:09:05,买入,112.0243,3000,2020-06-11,13:09:05
771,2020-06-11 13:09:24,买入,112.03,300,2020-06-11,13:09:24
772,2020-06-11 13:12:01,买入,112.023,100,2020-06-11,13:12:01
773,2020-06-11 13:12:16,买入,112.027,1000,2020-06-11,13:12:16
774,2020-06-11 13:14:04,卖出,112.058,100,2020-06-11,13:14:04
775,2020-06-11 13:15:48,买入,112.0637,3000,2020-06-11,13:15:48
776,2020-06-11 13:15:49,买入,112.0643,3000,2020-06-11,13:15:49
777,2020-06-11 13:15:50,买入,112.0695,3000,2020-06-11,13:15:50
778,2020-06-11 13:15:51,买入,112.066,1000,2020-06-11,13:15:51
779,2020-06-11 13:16:26,买入,112.089,100,2020-06-11,13:16:26
780,2020-06-11 13:17:10,买入,112.089,3000,2020-06-11,13:17:10
781,2020-06-11 13:17:10,买入,112.089,3000,2020-06-11,13:17:10
782,2020-06-11 13:17:56,卖出,112.098,100,2020-06-11,13:17:56
783,2020-06-11 13:18:06,卖出,112.093,200,2020-06-11,13:18:06
784,2020-06-11 13:18:36,卖出,112.087,1000,2020-06-11,13:18:36
785,2020-06-11 13:18:54,卖出,112.08,500,2020-06-11,13:18:54
786,2020-06-11 13:18:54,卖出,112.08,3000,2020-06-11,13:18:54
787,2020-06-11 13:23:30,卖出,112.1089,2200,2020-06-11,13:23:30
788,2020-06-11 13:24:07,卖出,112.102,100,2020-06-11,13:24:07
789,2020-06-11 13:24:22,卖出,112.102,3000,2020-06-11,13:24:22
790,2020-06-11 13:24:46,卖出,112.115,3000,2020-06-11,13:24:46
791,2020-06-11 13:27:37,买入,112.108,400,2020-06-11,13:27:37
792,2020-06-11 13:31:59,卖出,112.108,3000,2020-06-11,13:31:59
793,2020-06-11 13:32:00,卖出,112.1067,2300,2020-06-11,13:32:00
794,2020-06-11 13:34:33,买入,112.115,200,2020-06-11,13:34:33
795,2020-06-11 13:34:50,买入,112.116,3000,2020-06-11,13:34:50
796,2020-06-11 13:34:55,买入,112.1171,1900,2020-06-11,13:34:55
797,2020-06-11 13:45:32,卖出,112.1175,1400,2020-06-11,13:45:32
798,2020-06-11 13:45:40,卖出,112.115,3000,2020-06-11,13:45:40
799,2020-06-11 13:46:54,卖出,112.11,2200,2020-06-11,13:46:54
800,2020-06-11 13:51:01,买入,112.113,500,2020-06-11,13:51:01
801,2020-06-11 13:53:15,买入,112.115,2000,2020-06-11,13:53:15
802,2020-06-11 13:53:37,买入,112.116,100,2020-06-11,13:53:37
803,2020-06-11 13:53:43,买入,112.12,1000,2020-06-11,13:53:43
804,2020-06-11 13:53:45,买入,112.122,1000,2020-06-11,13:53:45
805,2020-06-11 13:54:50,买入,112.109,500,2020-06-11,13:54:50
806,2020-06-11 14:07:33,买入,112.1236,3000,2020-06-11,14:07:33
807,2020-06-11 14:07:34,买入,112.125,100,2020-06-11,14:07:34
808,2020-06-11 14:09:28,买入,112.118,100,2020-06-11,14:09:28
809,2020-06-11 14:10:09,买入,112.1313,1900,2020-06-11,14:10:09
810,2020-06-11 14:15:53,卖出,112.162,300,2020-06-11,14:15:53
811,2020-06-11 14:18:18,卖出,112.151,3000,2020-06-11,14:18:18
812,2020-06-11 14:18:36,卖出,112.15,3000,2020-06-11,14:18:36
813,2020-06-11 14:18:37,卖出,112.15,3000,2020-06-11,14:18:37
814,2020-06-11 14:18:38,卖出,112.1467,3000,2020-06-11,14:18:38
815,2020-06-11 14:19:16,买入,112.143,400,2020-06-11,14:19:16
816,2020-06-11 14:22:54,买入,112.15,1100,2020-06-11,14:22:54
817,2020-06-11 14:24:59,买入,112.154,200,2020-06-11,14:24:59
818,2020-06-11 14:27:03,卖出,112.172,1300,2020-06-11,14:27:03
819,2020-06-11 14:27:51,卖出,112.173,1300,2020-06-11,14:27:51
820,2020-06-11 14:41:49,卖出,112.168,900,2020-06-11,14:41:49
821,2020-06-11 14:43:10,买入,112.127,1000,2020-06-11,14:43:10
822,2020-06-11 14:46:54,买入,112.123,100,2020-06-11,14:46:54
823,2020-06-11 14:47:36,买入,112.1328,1100,2020-06-11,14:47:36
824,2020-06-11 14:48:32,买入,112.155,100,2020-06-11,14:48:32
825,2020-06-11 14:48:38,买入,112.16,1000,2020-06-11,14:48:38
826,2020-06-11 14:49:36,卖出,112.173,100,2020-06-11,14:49:36
827,2020-06-11 14:51:05,卖出,112.178,1700,2020-06-11,14:51:05
828,2020-06-11 14:51:30,买入,112.16,100,2020-06-11,14:51:30
829,2020-06-11 14:52:52,卖出,112.1907,1500,2020-06-11,14:52:52
830,2020-06-11 14:53:46,卖出,112.18,2000,2020-06-11,14:53:46
831,2020-06-11 14:54:05,卖出,112.194,3000,2020-06-11,14:54:05
832,2020-06-11 14:54:05,卖出,112.194,2500,2020-06-11,14:54:05
833,2020-06-11 14:54:08,买入,112.1999,2400,2020-06-11,14:54:08
834,2020-06-12 09:35:47,卖出,112.4013,3000,2020-06-12,09:35:47
835,2020-06-12 09:35:47,卖出,112.3971,3000,2020-06-12,09:35:47
836,2020-06-12 09:35:49,买入,112.4137,3000,2020-06-12,09:35:49
837,2020-06-12 09:35:49,买入,112.422,3000,2020-06-12,09:35:49
838,2020-06-12 09:35:50,买入,112.422,3000,2020-06-12,09:35:50
839,2020-06-12 09:37:06,卖出,112.3973,3000,2020-06-12,09:37:06
840,2020-06-12 09:37:10,卖出,112.3904,2400,2020-06-12,09:37:10
841,2020-06-12 09:38:05,买入,112.398,3000,2020-06-12,09:38:05
842,2020-06-12 09:39:56,卖出,112.3913,600,2020-06-12,09:39:56
843,2020-06-12 09:42:42,卖出,112.436,300,2020-06-12,09:42:42
844,2020-06-12 09:43:00,卖出,112.439,200,2020-06-12,09:43:00
845,2020-06-12 09:43:21,买入,112.417,100,2020-06-12,09:43:21
846,2020-06-12 09:44:48,买入,112.4007,3000,2020-06-12,09:44:48
847,2020-06-12 09:45:03,卖出,112.407,200,2020-06-12,09:45:03
848,2020-06-12 09:45:12,卖出,112.407,100,2020-06-12,09:45:12
849,2020-06-12 09:45:29,卖出,112.418,400,2020-06-12,09:45:29
850,2020-06-12 09:50:21,买入,112.417,100,2020-06-12,09:50:21
851,2020-06-12 09:50:45,卖出,112.428,100,2020-06-12,09:50:45
852,2020-06-12 09:54:01,卖出,112.415,500,2020-06-12,09:54:01
853,2020-06-12 09:57:02,买入,112.4212,1700,2020-06-12,09:57:02
854,2020-06-12 09:57:37,买入,112.4323,1500,2020-06-12,09:57:37
855,2020-06-12 10:00:11,买入,112.414,100,2020-06-12,10:00:11
856,2020-06-12 10:00:27,买入,112.41,100,2020-06-12,10:00:27
857,2020-06-12 10:02:48,买入,112.4491,900,2020-06-12,10:02:48
858,2020-06-12 10:03:38,卖出,112.456,2100,2020-06-12,10:03:38
859,2020-06-12 10:06:46,卖出,112.47,800,2020-06-12,10:06:46
860,2020-06-12 10:18:24,卖出,112.468,100,2020-06-12,10:18:24
861,2020-06-12 10:19:37,买入,112.43,800,2020-06-12,10:19:37
862,2020-06-12 10:20:53,买入,112.402,1000,2020-06-12,10:20:53
863,2020-06-12 10:21:11,卖出,112.418,700,2020-06-12,10:21:11
864,2020-06-12 10:21:45,卖出,112.433,100,2020-06-12,10:21:45
865,2020-06-12 10:21:52,卖出,112.429,100,2020-06-12,10:21:52
866,2020-06-12 10:24:44,买入,112.416,1600,2020-06-12,10:24:44
867,2020-06-12 10:36:16,卖出,112.422,3000,2020-06-12,10:36:16
868,2020-06-12 10:36:16,卖出,112.422,3000,2020-06-12,10:36:16
869,2020-06-12 10:36:17,卖出,112.422,3000,2020-06-12,10:36:17
870,2020-06-12 10:36:18,卖出,112.422,3000,2020-06-12,10:36:18
871,2020-06-12 13:29:59,买入,112.3853,3000,2020-06-12,13:29:59
872,2020-06-12 13:30:12,买入,112.368,3000,2020-06-12,13:30:12
873,2020-06-12 13:30:12,买入,112.363,800,2020-06-12,13:30:12
874,2020-06-12 13:30:24,买入,112.335,3000,2020-06-12,13:30:24
875,2020-06-12 13:30:24,买入,112.333,3000,2020-06-12,13:30:24
876,2020-06-12 13:30:25,买入,112.333,1500,2020-06-12,13:30:25
877,2020-06-12 13:30:36,卖出,112.307,100,2020-06-12,13:30:36
878,2020-06-12 13:30:38,卖出,112.308,200,2020-06-12,13:30:38
879,2020-06-12 13:30:43,卖出,112.308,1100,2020-06-12,13:30:43
880,2020-06-12 13:31:01,卖出,112.314,3000,2020-06-12,13:31:01
881,2020-06-12 13:31:02,卖出,112.314,500,2020-06-12,13:31:02
882,2020-06-12 13:32:02,卖出,112.3127,3000,2020-06-12,13:32:02
883,2020-06-12 13:32:02,卖出,112.316,500,2020-06-12,13:32:02
884,2020-06-12 13:32:03,卖出,112.3103,3000,2020-06-12,13:32:03
885,2020-06-12 13:34:00,买入,112.316,2000,2020-06-12,13:34:00
886,2020-06-12 13:34:25,买入,112.32,500,2020-06-12,13:34:25
887,2020-06-12 13:34:42,买入,112.324,3000,2020-06-12,13:34:42
888,2020-06-12 13:34:43,买入,112.324,500,2020-06-12,13:34:43
889,2020-06-12 13:34:48,卖出,112.3218,1200,2020-06-12,13:34:48
890,2020-06-12 13:35:57,买入,112.317,1000,2020-06-12,13:35:57
891,2020-06-12 13:36:13,卖出,112.338,100,2020-06-12,13:36:13
892,2020-06-12 13:45:06,卖出,112.3093,1200,2020-06-12,13:45:06
893,2020-06-12 13:46:15,买入,112.288,200,2020-06-12,13:46:15
894,2020-06-12 13:46:31,买入,112.294,200,2020-06-12,13:46:31
895,2020-06-12 13:47:06,买入,112.284,400,2020-06-12,13:47:06
896,2020-06-12 13:47:48,买入,112.286,300,2020-06-12,13:47:48
897,2020-06-12 13:49:09,卖出,112.303,100,2020-06-12,13:49:09
898,2020-06-12 13:49:28,卖出,112.3,100,2020-06-12,13:49:28
899,2020-06-12 13:53:03,买入,112.31,1100,2020-06-12,13:53:03
900,2020-06-12 13:54:55,卖出,112.323,100,2020-06-12,13:54:55
901,2020-06-12 13:55:18,卖出,112.314,3000,2020-06-12,13:55:18
902,2020-06-12 13:55:26,买入,112.314,100,2020-06-12,13:55:26
903,2020-06-12 13:56:15,买入,112.309,3000,2020-06-12,13:56:15
904,2020-06-12 13:56:16,买入,112.309,900,2020-06-12,13:56:16
905,2020-06-12 13:57:33,买入,112.28,3000,2020-06-12,13:57:33
906,2020-06-12 13:57:34,买入,112.28,200,2020-06-12,13:57:34
907,2020-06-12 13:58:44,卖出,112.295,3000,2020-06-12,13:58:44
908,2020-06-12 13:58:45,卖出,112.2945,3000,2020-06-12,13:58:45
909,2020-06-12 13:58:46,卖出,112.293,3000,2020-06-12,13:58:46
910,2020-06-12 13:58:46,卖出,112.293,300,2020-06-12,13:58:46
911,2020-06-12 14:00:04,买入,112.2965,3000,2020-06-12,14:00:04
912,2020-06-12 14:00:09,买入,112.295,800,2020-06-12,14:00:09
913,2020-06-12 14:01:14,买入,112.3,100,2020-06-12,14:01:14
914,2020-06-12 14:01:19,买入,112.304,3000,2020-06-12,14:01:19
915,2020-06-12 14:01:20,买入,112.3041,3000,2020-06-12,14:01:20
916,2020-06-12 14:01:40,卖出,112.298,2400,2020-06-12,14:01:40
917,2020-06-12 14:09:22,卖出,112.285,100,2020-06-12,14:09:22
918,2020-06-12 14:09:28,卖出,112.28,200,2020-06-12,14:09:28
919,2020-06-12 14:09:34,卖出,112.2774,3000,2020-06-12,14:09:34
920,2020-06-12 14:10:53,买入,112.272,100,2020-06-12,14:10:53
921,2020-06-12 14:11:08,买入,112.28,100,2020-06-12,14:11:08
922,2020-06-12 14:12:33,买入,112.294,100,2020-06-12,14:12:33
923,2020-06-12 14:13:26,买入,112.305,100,2020-06-12,14:13:26
924,2020-06-12 14:14:05,买入,112.298,500,2020-06-12,14:14:05
925,2020-06-12 14:14:05,买入,112.298,3000,2020-06-12,14:14:05
926,2020-06-12 14:18:16,买入,112.3,3000,2020-06-12,14:18:16
927,2020-06-12 14:18:17,买入,112.3,3000,2020-06-12,14:18:17
928,2020-06-12 14:20:49,买入,112.306,100,2020-06-12,14:20:49
929,2020-06-12 14:21:02,买入,112.3135,3000,2020-06-12,14:21:02
930,2020-06-12 14:21:03,买入,112.3147,3000,2020-06-12,14:21:03
931,2020-06-12 14:23:23,买入,112.315,3000,2020-06-12,14:23:23
932,2020-06-12 14:23:27,买入,112.315,700,2020-06-12,14:23:27
933,2020-06-12 14:23:38,买入,112.325,3000,2020-06-12,14:23:38
934,2020-06-12 14:23:52,买入,112.319,3000,2020-06-12,14:23:52
935,2020-06-12 14:23:53,买入,112.315,1000,2020-06-12,14:23:53
936,2020-06-12 14:25:17,卖出,112.324,3000,2020-06-12,14:25:17
937,2020-06-12 14:25:18,卖出,112.325,2200,2020-06-12,14:25:18
938,2020-06-12 14:26:13,买入,112.315,3000,2020-06-12,14:26:13
939,2020-06-12 14:26:14,买入,112.3157,3000,2020-06-12,14:26:14
940,2020-06-12 14:30:53,买入,112.31,3000,2020-06-12,14:30:53
941,2020-06-12 14:30:54,买入,112.3133,3000,2020-06-12,14:30:54
942,2020-06-12 14:30:54,买入,112.31,3000,2020-06-12,14:30:54
943,2020-06-12 14:32:41,卖出,112.324,100,2020-06-12,14:32:41
944,2020-06-12 14:33:03,卖出,112.335,3000,2020-06-12,14:33:03
945,2020-06-12 14:33:04,卖出,112.335,3000,2020-06-12,14:33:04
946,2020-06-12 14:33:04,卖出,112.335,100,2020-06-12,14:33:04
947,2020-06-12 14:36:07,买入,112.305,100,2020-06-12,14:36:07
948,2020-06-12 14:36:10,买入,112.307,1000,2020-06-12,14:36:10
949,2020-06-12 14:38:56,卖出,112.298,100,2020-06-12,14:38:56
950,2020-06-12 14:38:57,卖出,112.295,100,2020-06-12,14:38:57
951,2020-06-12 14:39:22,卖出,112.299,100,2020-06-12,14:39:22
952,2020-06-12 14:40:24,卖出,112.2747,3000,2020-06-12,14:40:24
953,2020-06-12 14:40:42,卖出,112.27,900,2020-06-12,14:40:42
954,2020-06-12 14:41:04,卖出,112.271,800,2020-06-12,14:41:04
955,2020-06-12 14:41:25,买入,112.26,3000,2020-06-12,14:41:25
956,2020-06-12 14:44:12,买入,112.2948,3000,2020-06-12,14:44:12
957,2020-06-12 14:44:14,买入,112.29,700,2020-06-12,14:44:14
958,2020-06-12 14:45:45,卖出,112.3012,1100,2020-06-12,14:45:45
959,2020-06-12 14:47:02,卖出,112.302,1500,2020-06-12,14:47:02
960,2020-06-12 14:48:15,买入,112.3008,1100,2020-06-12,14:48:15
961,2020-06-12 14:49:06,卖出,112.3073,1200,2020-06-12,14:49:06
962,2020-06-12 14:50:22,卖出,112.305,900,2020-06-12,14:50:22
963,2020-06-12 14:53:06,买入,112.2828,1100,2020-06-12,14:53:06
964,2020-06-15 09:47:32,卖出,112.4087,3000,2020-06-15,09:47:32
965,2020-06-15 09:47:32,卖出,112.4007,1100,2020-06-15,09:47:32
966,2020-06-15 09:47:44,卖出,112.376,1100,2020-06-15,09:47:44
967,2020-06-15 09:47:48,卖出,112.373,100,2020-06-15,09:47:48
968,2020-06-15 09:50:13,卖出,112.409,1000,2020-06-15,09:50:13
969,2020-06-15 09:50:56,买入,112.383,200,2020-06-15,09:50:56
970,2020-06-15 09:52:36,卖出,112.435,100,2020-06-15,09:52:36
971,2020-06-15 09:57:04,卖出,112.424,100,2020-06-15,09:57:04
972,2020-06-15 09:57:07,卖出,112.422,1000,2020-06-15,09:57:07
973,2020-06-15 09:58:04,卖出,112.4154,900,2020-06-15,09:58:04
974,2020-06-15 09:59:15,卖出,112.419,600,2020-06-15,09:59:15
975,2020-06-15 09:59:29,卖出,112.4162,1100,2020-06-15,09:59:29
976,2020-06-15 10:02:40,买入,112.439,500,2020-06-15,10:02:40
977,2020-06-15 10:02:42,买入,112.441,1000,2020-06-15,10:02:42
978,2020-06-15 10:04:55,买入,112.4557,3000,2020-06-15,10:04:55
979,2020-06-15 10:05:41,买入,112.4608,1100,2020-06-15,10:05:41
980,2020-06-15 10:06:29,买入,112.469,300,2020-06-15,10:06:29
981,2020-06-15 10:08:32,买入,112.5014,1400,2020-06-15,10:08:32
982,2020-06-15 10:08:37,买入,112.498,600,2020-06-15,10:08:37
983,2020-06-15 10:08:54,买入,112.5008,2600,2020-06-15,10:08:54
984,2020-06-15 10:13:11,卖出,112.521,400,2020-06-15,10:13:11
985,2020-06-15 10:14:15,卖出,112.521,100,2020-06-15,10:14:15
986,2020-06-15 10:14:37,卖出,112.52,3000,2020-06-15,10:14:37
987,2020-06-15 10:14:38,卖出,112.52,3000,2020-06-15,10:14:38
988,2020-06-15 10:14:39,卖出,112.52,300,2020-06-15,10:14:39
989,2020-06-15 10:16:03,买入,112.498,100,2020-06-15,10:16:03
990,2020-06-15 10:23:36,买入,112.5023,1600,2020-06-15,10:23:36
991,2020-06-15 10:26:55,卖出,112.533,100,2020-06-15,10:26:55
992,2020-06-15 10:27:03,卖出,112.5278,400,2020-06-15,10:27:03
993,2020-06-15 10:27:49,卖出,112.518,100,2020-06-15,10:27:49
994,2020-06-15 10:27:55,卖出,112.513,3000,2020-06-15,10:27:55
995,2020-06-15 10:28:00,卖出,112.515,100,2020-06-15,10:28:00
996,2020-06-15 10:28:46,卖出,112.515,100,2020-06-15,10:28:46
997,2020-06-15 10:28:50,卖出,112.513,1000,2020-06-15,10:28:50
998,2020-06-15 10:31:16,买入,112.504,100,2020-06-15,10:31:16
999,2020-06-15 10:31:30,买入,112.504,1300,2020-06-15,10:31:30
1000,2020-06-15 10:32:08,买入,112.511,100,2020-06-15,10:32:08
1001,2020-06-15 10:33:09,买入,112.511,200,2020-06-15,10:33:09
1002,2020-06-15 10:36:07,买入,112.5127,2900,2020-06-15,10:36:07
1003,2020-06-15 10:36:17,买入,112.52,3000,2020-06-15,10:36:17
1004,2020-06-15 10:36:18,买入,112.52,300,2020-06-15,10:36:18
1005,2020-06-15 10:36:34,买入,112.5217,2900,2020-06-15,10:36:34
1006,2020-06-15 10:40:04,买入,112.5436,3000,2020-06-15,10:40:04
1007,2020-06-15 10:42:01,买入,112.5459,2300,2020-06-15,10:42:01
1008,2020-06-15 10:42:13,买入,112.55,3000,2020-06-15,10:42:13
1009,2020-06-15 10:42:13,买入,112.55,3000,2020-06-15,10:42:13
1010,2020-06-15 10:42:14,买入,112.55,3000,2020-06-15,10:42:14
1011,2020-06-15 10:42:50,卖出,112.541,3000,2020-06-15,10:42:50
1012,2020-06-15 10:42:51,卖出,112.5409,1000,2020-06-15,10:42:51
1013,2020-06-15 10:47:03,买入,112.55,3000,2020-06-15,10:47:03
1014,2020-06-15 10:47:03,买入,112.55,3000,2020-06-15,10:47:03
1015,2020-06-15 10:49:00,买入,112.513,3000,2020-06-15,10:49:00
1016,2020-06-15 10:49:00,买入,112.513,3000,2020-06-15,10:49:00
1017,2020-06-15 10:49:01,买入,112.513,200,2020-06-15,10:49:01
1018,2020-06-15 10:49:05,卖出,112.523,100,2020-06-15,10:49:05
1019,2020-06-15 10:49:29,卖出,112.518,3000,2020-06-15,10:49:29
1020,2020-06-15 10:49:29,卖出,112.523,500,2020-06-15,10:49:29
1021,2020-06-15 10:52:09,卖出,112.525,100,2020-06-15,10:52:09
1022,2020-06-15 10:52:13,买入,112.492,1700,2020-06-15,10:52:13
1023,2020-06-15 10:57:06,卖出,112.519,100,2020-06-15,10:57:06
1024,2020-06-15 10:58:48,卖出,112.52,100,2020-06-15,10:58:48
1025,2020-06-15 11:03:36,卖出,112.505,200,2020-06-15,11:03:36
1026,2020-06-15 11:03:53,卖出,112.5044,500,2020-06-15,11:03:53
1027,2020-06-15 11:03:56,卖出,112.5017,3000,2020-06-15,11:03:56
1028,2020-06-15 11:03:57,卖出,112.5009,1700,2020-06-15,11:03:57
1029,2020-06-15 11:07:12,买入,112.497,1000,2020-06-15,11:07:12
1030,2020-06-15 11:08:09,买入,112.502,100,2020-06-15,11:08:09
1031,2020-06-15 11:08:59,买入,112.501,1900,2020-06-15,11:08:59
1032,2020-06-15 11:09:39,买入,112.502,100,2020-06-15,11:09:39
1033,2020-06-15 11:10:07,买入,112.5049,3000,2020-06-15,11:10:07
1034,2020-06-15 11:10:08,买入,112.505,700,2020-06-15,11:10:08
1035,2020-06-15 11:13:36,卖出,112.534,3000,2020-06-15,11:13:36
1036,2020-06-15 11:13:37,卖出,112.534,3000,2020-06-15,11:13:37
1037,2020-06-15 11:13:37,卖出,112.541,3000,2020-06-15,11:13:37
1038,2020-06-15 11:13:47,买入,112.542,3000,2020-06-15,11:13:47
1039,2020-06-15 11:13:48,买入,112.542,3000,2020-06-15,11:13:48
1040,2020-06-15 11:13:49,买入,112.5432,1700,2020-06-15,11:13:49
1041,2020-06-15 11:13:53,卖出,112.541,3000,2020-06-15,11:13:53
1042,2020-06-15 11:13:54,卖出,112.541,3000,2020-06-15,11:13:54
1043,2020-06-15 11:13:55,卖出,112.541,900,2020-06-15,11:13:55
1044,2020-06-15 11:14:01,买入,112.542,3000,2020-06-15,11:14:01
1045,2020-06-15 11:14:01,买入,112.542,3000,2020-06-15,11:14:01
1046,2020-06-15 11:20:20,卖出,112.541,3000,2020-06-15,11:20:20
1047,2020-06-15 11:20:39,卖出,112.532,2000,2020-06-15,11:20:39
1048,2020-06-15 11:24:36,买入,112.512,3000,2020-06-15,11:24:36
1049,2020-06-15 11:24:37,买入,112.512,400,2020-06-15,11:24:37
1050,2020-06-15 13:00:17,卖出,112.54,1000,2020-06-15,13:00:17
1051,2020-06-15 13:02:17,买入,112.537,500,2020-06-15,13:02:17
1052,2020-06-15 13:04:31,买入,112.5379,1100,2020-06-15,13:04:31
1053,2020-06-15 13:06:29,买入,112.5322,1100,2020-06-15,13:06:29
1054,2020-06-15 13:22:08,卖出,112.515,100,2020-06-15,13:22:08
1055,2020-06-15 13:25:43,卖出,112.515,2500,2020-06-15,13:25:43
1056,2020-06-15 13:28:48,卖出,112.515,100,2020-06-15,13:28:48
1057,2020-06-15 13:29:00,卖出,112.518,3000,2020-06-15,13:29:00
1058,2020-06-15 13:29:01,卖出,112.518,3000,2020-06-15,13:29:01
1059,2020-06-15 13:29:01,卖出,112.518,2000,2020-06-15,13:29:01
1060,2020-06-15 13:30:30,买入,112.52,2000,2020-06-15,13:30:30
1061,2020-06-15 13:31:20,买入,112.518,3000,2020-06-15,13:31:20
1062,2020-06-15 13:35:12,买入,112.5187,3000,2020-06-15,13:35:12
1063,2020-06-15 13:41:36,买入,112.5215,1600,2020-06-15,13:41:36
1064,2020-06-15 13:44:25,买入,112.524,3000,2020-06-15,13:44:25
1065,2020-06-15 13:44:26,买入,112.5252,1700,2020-06-15,13:44:26
1066,2020-06-15 13:44:44,卖出,112.5383,1800,2020-06-15,13:44:44
1067,2020-06-15 13:44:44,卖出,112.54,3000,2020-06-15,13:44:44
1068,2020-06-15 13:49:20,卖出,112.536,3000,2020-06-15,13:49:20
1069,2020-06-15 13:49:21,卖出,112.541,3000,2020-06-15,13:49:21
1070,2020-06-15 13:49:21,卖出,112.541,3000,2020-06-15,13:49:21
1071,2020-06-15 13:49:22,卖出,112.541,3000,2020-06-15,13:49:22
1072,2020-06-15 13:49:23,买入,112.5491,700,2020-06-15,13:49:23
1073,2020-06-15 13:49:25,买入,112.551,1000,2020-06-15,13:49:25
1074,2020-06-15 13:49:30,买入,112.543,200,2020-06-15,13:49:30
1075,2020-06-15 13:53:12,卖出,112.599,3000,2020-06-15,13:53:12
1076,2020-06-15 13:55:01,买入,112.602,1100,2020-06-15,13:55:01
1077,2020-06-15 13:55:46,买入,112.6099,3000,2020-06-15,13:55:46
1078,2020-06-15 13:59:12,卖出,112.605,1100,2020-06-15,13:59:12
1079,2020-06-15 14:00:32,卖出,112.619,1000,2020-06-15,14:00:32
1080,2020-06-15 14:03:03,卖出,112.6043,1500,2020-06-15,14:03:03
1081,2020-06-15 14:03:36,卖出,112.6,500,2020-06-15,14:03:36
1082,2020-06-15 14:04:00,卖出,112.59,3000,2020-06-15,14:04:00
1083,2020-06-15 14:09:28,卖出,112.6022,1100,2020-06-15,14:09:28
1084,2020-06-15 14:10:55,卖出,112.616,1700,2020-06-15,14:10:55
1085,2020-06-15 14:12:29,卖出,112.614,100,2020-06-15,14:12:29
1086,2020-06-15 14:14:07,卖出,112.605,100,2020-06-15,14:14:07
1087,2020-06-15 14:15:49,卖出,112.5911,2900,2020-06-15,14:15:49
1088,2020-06-15 14:15:49,卖出,112.5928,3000,2020-06-15,14:15:49
1089,2020-06-15 14:17:36,卖出,112.588,3000,2020-06-15,14:17:36
1090,2020-06-15 14:18:03,卖出,112.584,2000,2020-06-15,14:18:03
1091,2020-06-15 14:25:33,买入,112.61,2000,2020-06-15,14:25:33
1092,2020-06-15 14:25:38,买入,112.612,1000,2020-06-15,14:25:38
1093,2020-06-15 14:26:59,卖出,112.647,1000,2020-06-15,14:26:59
1094,2020-06-15 14:27:21,卖出,112.644,500,2020-06-15,14:27:21
1095,2020-06-15 14:31:57,买入,112.6218,1100,2020-06-15,14:31:57
1096,2020-06-15 14:34:04,卖出,112.6184,1400,2020-06-15,14:34:04
1097,2020-06-15 14:48:22,卖出,112.6282,2500,2020-06-15,14:48:22
1098,2020-06-15 14:48:23,卖出,112.621,100,2020-06-15,14:48:23
1099,2020-06-15 14:50:36,卖出,112.6196,3000,2020-06-15,14:50:36
1100,2020-06-15 14:51:17,卖出,112.623,2500,2020-06-15,14:51:17
1101,2020-06-15 14:53:59,卖出,112.6262,1100,2020-06-15,14:53:59
1102,2020-06-15 14:54:18,卖出,112.627,2000,2020-06-15,14:54:18
1103,2020-06-15 14:54:44,卖出,112.628,700,2020-06-15,14:54:44
1104,2020-06-15 14:54:44,卖出,112.623,900,2020-06-15,14:54:44
1105,2020-06-15 14:55:44,买入,112.598,800,2020-06-15,14:55:44
1106,2020-06-16 09:34:29,卖出,112.097,800,2020-06-16,09:34:29
1107,2020-06-16 09:34:34,卖出,112.09,100,2020-06-16,09:34:34
1108,2020-06-16 09:35:08,卖出,112.0853,400,2020-06-16,09:35:08
1109,2020-06-16 09:35:19,卖出,112.081,100,2020-06-16,09:35:19
1110,2020-06-16 09:35:55,卖出,112.079,100,2020-06-16,09:35:55
1111,2020-06-16 09:36:15,卖出,112.079,200,2020-06-16,09:36:15
1112,2020-06-16 09:37:21,买入,112.037,1300,2020-06-16,09:37:21
1113,2020-06-16 09:38:17,买入,112.033,100,2020-06-16,09:38:17
1114,2020-06-16 09:38:42,买入,112.047,100,2020-06-16,09:38:42
1115,2020-06-16 09:38:47,买入,112.045,3000,2020-06-16,09:38:47
1116,2020-06-16 09:38:48,买入,112.0445,3000,2020-06-16,09:38:48
1117,2020-06-16 09:42:43,买入,112.0,1000,2020-06-16,09:42:43
1118,2020-06-16 09:42:43,买入,112.027,3000,2020-06-16,09:42:43
1119,2020-06-16 09:43:01,买入,112.018,500,2020-06-16,09:43:01
1120,2020-06-16 09:44:22,买入,112.012,2000,2020-06-16,09:44:22
1121,2020-06-16 09:44:29,买入,112.012,1800,2020-06-16,09:44:29
1122,2020-06-16 09:44:37,买入,112.015,3000,2020-06-16,09:44:37
1123,2020-06-16 09:44:38,买入,112.012,1000,2020-06-16,09:44:38
1124,2020-06-16 09:45:00,买入,112.001,3000,2020-06-16,09:45:00
1125,2020-06-16 09:45:01,买入,112.001,1000,2020-06-16,09:45:01
1126,2020-06-16 09:46:18,买入,111.967,1400,2020-06-16,09:46:18
1127,2020-06-16 09:47:16,卖出,111.971,100,2020-06-16,09:47:16
1128,2020-06-16 09:47:35,卖出,111.961,100,2020-06-16,09:47:35
1129,2020-06-16 09:47:45,卖出,111.9512,2300,2020-06-16,09:47:45
1130,2020-06-16 09:50:47,买入,111.959,3000,2020-06-16,09:50:47
1131,2020-06-16 09:50:48,买入,111.959,2300,2020-06-16,09:50:48
1132,2020-06-16 09:53:38,卖出,111.96,3000,2020-06-16,09:53:38
1133,2020-06-16 09:53:42,卖出,111.96,3000,2020-06-16,09:53:42
1134,2020-06-16 09:53:44,卖出,111.96,3000,2020-06-16,09:53:44
1135,2020-06-16 09:57:30,卖出,111.958,3000,2020-06-16,09:57:30
1136,2020-06-16 09:57:31,卖出,111.958,1000,2020-06-16,09:57:31
1137,2020-06-16 10:01:54,卖出,111.9402,1300,2020-06-16,10:01:54
1138,2020-06-16 10:03:16,买入,111.904,100,2020-06-16,10:03:16
1139,2020-06-16 10:05:51,卖出,111.916,1300,2020-06-16,10:05:51
1140,2020-06-16 10:06:07,卖出,111.913,3000,2020-06-16,10:06:07
1141,2020-06-16 10:06:08,卖出,111.913,3000,2020-06-16,10:06:08
1142,2020-06-16 10:07:43,买入,111.889,3000,2020-06-16,10:07:43
1143,2020-06-16 10:07:55,买入,111.892,2000,2020-06-16,10:07:55
1144,2020-06-16 10:07:56,卖出,111.929,3000,2020-06-16,10:07:56
1145,2020-06-16 10:07:56,卖出,111.951,3000,2020-06-16,10:07:56
1146,2020-06-16 10:07:56,卖出,111.951,3000,2020-06-16,10:07:56
1147,2020-06-16 10:07:57,卖出,111.951,3000,2020-06-16,10:07:57
1148,2020-06-16 10:08:37,买入,111.923,3000,2020-06-16,10:08:37
1149,2020-06-16 10:08:57,买入,111.901,3000,2020-06-16,10:08:57
1150,2020-06-16 10:08:58,买入,111.901,1000,2020-06-16,10:08:58
1151,2020-06-16 10:10:42,卖出,111.898,100,2020-06-16,10:10:42
1152,2020-06-16 10:10:55,卖出,111.897,3000,2020-06-16,10:10:55
1153,2020-06-16 10:12:33,买入,111.885,3000,2020-06-16,10:12:33
1154,2020-06-16 10:12:33,买入,111.88,200,2020-06-16,10:12:33
1155,2020-06-16 10:13:22,买入,111.888,500,2020-06-16,10:13:22
1156,2020-06-16 10:14:58,卖出,111.925,2200,2020-06-16,10:14:58
1157,2020-06-16 10:15:52,买入,111.914,3000,2020-06-16,10:15:52
1158,2020-06-16 10:15:53,买入,111.914,3000,2020-06-16,10:15:53
1159,2020-06-16 10:15:53,买入,111.901,1000,2020-06-16,10:15:53
1160,2020-06-16 10:16:42,买入,111.898,1600,2020-06-16,10:16:42
1161,2020-06-16 10:23:56,买入,111.884,3000,2020-06-16,10:23:56
1162,2020-06-16 10:23:56,买入,111.884,600,2020-06-16,10:23:56
1163,2020-06-16 10:27:54,卖出,111.888,100,2020-06-16,10:27:54
1164,2020-06-16 10:27:56,卖出,111.886,1000,2020-06-16,10:27:56
1165,2020-06-16 10:31:37,卖出,111.8565,1300,2020-06-16,10:31:37
1166,2020-06-16 10:32:39,买入,111.842,300,2020-06-16,10:32:39
1167,2020-06-16 10:33:53,买入,111.851,1100,2020-06-16,10:33:53
1168,2020-06-16 10:34:44,买入,111.859,700,2020-06-16,10:34:44
1169,2020-06-16 10:38:22,买入,111.873,3000,2020-06-16,10:38:22
1170,2020-06-16 10:38:24,买入,111.868,1000,2020-06-16,10:38:24
1171,2020-06-16 10:47:01,卖出,111.867,3000,2020-06-16,10:47:01
1172,2020-06-16 10:47:02,卖出,111.867,700,2020-06-16,10:47:02
1173,2020-06-16 10:49:44,卖出,111.8642,1100,2020-06-16,10:49:44
1174,2020-06-16 10:50:12,卖出,111.8632,1100,2020-06-16,10:50:12
1175,2020-06-16 10:50:34,卖出,111.863,100,2020-06-16,10:50:34
1176,2020-06-16 10:50:45,卖出,111.86,100,2020-06-16,10:50:45
1177,2020-06-16 10:50:52,卖出,111.8503,300,2020-06-16,10:50:52
1178,2020-06-16 10:53:29,买入,111.813,100,2020-06-16,10:53:29
1179,2020-06-16 10:56:04,卖出,111.824,100,2020-06-16,10:56:04
1180,2020-06-16 11:03:21,买入,111.8208,3000,2020-06-16,11:03:21
1181,2020-06-16 11:03:22,买入,111.822,600,2020-06-16,11:03:22
1182,2020-06-16 11:03:30,买入,111.82,2500,2020-06-16,11:03:30
1183,2020-06-16 11:04:06,买入,111.818,1900,2020-06-16,11:04:06
1184,2020-06-16 11:04:38,买入,111.825,2000,2020-06-16,11:04:38
1185,2020-06-16 11:06:24,买入,111.826,3000,2020-06-16,11:06:24
1186,2020-06-16 11:07:13,买入,111.843,3000,2020-06-16,11:07:13
1187,2020-06-16 11:07:13,买入,111.843,500,2020-06-16,11:07:13
1188,2020-06-16 11:10:30,卖出,111.884,500,2020-06-16,11:10:30
1189,2020-06-16 11:13:57,卖出,111.86,300,2020-06-16,11:13:57
1190,2020-06-16 11:16:30,买入,111.845,200,2020-06-16,11:16:30
1191,2020-06-16 11:18:02,买入,111.855,100,2020-06-16,11:18:02
1192,2020-06-16 11:18:14,买入,111.859,100,2020-06-16,11:18:14
1193,2020-06-16 11:20:35,卖出,111.88,500,2020-06-16,11:20:35
1194,2020-06-16 11:20:49,卖出,111.881,100,2020-06-16,11:20:49
1195,2020-06-16 11:24:23,买入,111.876,800,2020-06-16,11:24:23
1196,2020-06-16 11:25:41,买入,111.8818,1100,2020-06-16,11:25:41
1197,2020-06-16 11:26:49,买入,111.9,200,2020-06-16,11:26:49
1198,2020-06-16 11:27:03,买入,111.904,100,2020-06-16,11:27:03
1199,2020-06-16 11:28:39,卖出,111.9245,200,2020-06-16,11:28:39
1200,2020-06-16 13:00:49,卖出,111.916,100,2020-06-16,13:00:49
1201,2020-06-16 13:01:00,卖出,111.914,100,2020-06-16,13:01:00
1202,2020-06-16 13:03:42,卖出,111.8792,900,2020-06-16,13:03:42
1203,2020-06-16 13:09:20,买入,111.892,3000,2020-06-16,13:09:20
1204,2020-06-16 13:09:21,买入,111.893,3000,2020-06-16,13:09:21
1205,2020-06-16 13:13:49,卖出,111.904,3000,2020-06-16,13:13:49
1206,2020-06-16 13:14:30,卖出,111.909,2200,2020-06-16,13:14:30
1207,2020-06-16 13:20:54,买入,111.91,3000,2020-06-16,13:20:54
1208,2020-06-16 13:20:55,买入,111.91,3000,2020-06-16,13:20:55
1209,2020-06-16 13:20:56,买入,111.91,3000,2020-06-16,13:20:56
1210,2020-06-16 13:20:57,买入,111.91,800,2020-06-16,13:20:57
1211,2020-06-16 13:21:03,卖出,111.909,3000,2020-06-16,13:21:03
1212,2020-06-16 13:21:03,卖出,111.909,3000,2020-06-16,13:21:03
1213,2020-06-16 13:22:51,买入,111.913,3000,2020-06-16,13:22:51
1214,2020-06-16 13:22:51,买入,111.913,3000,2020-06-16,13:22:51
1215,2020-06-16 13:23:46,卖出,111.911,3000,2020-06-16,13:23:46
1216,2020-06-16 13:23:47,卖出,111.911,2000,2020-06-16,13:23:47
1217,2020-06-16 13:25:46,卖出,111.909,3000,2020-06-16,13:25:46
1218,2020-06-16 13:25:47,卖出,111.9081,2300,2020-06-16,13:25:47
1219,2020-06-16 13:25:47,卖出,111.909,3000,2020-06-16,13:25:47
1220,2020-06-16 13:26:17,卖出,111.899,2000,2020-06-16,13:26:17
1221,2020-06-16 13:26:43,卖出,111.908,100,2020-06-16,13:26:43
1222,2020-06-16 13:28:52,卖出,111.903,100,2020-06-16,13:28:52
1223,2020-06-16 13:30:11,卖出,111.89,1500,2020-06-16,13:30:11
1224,2020-06-16 13:30:25,卖出,111.888,800,2020-06-16,13:30:25
1225,2020-06-16 13:31:50,买入,111.8518,1100,2020-06-16,13:31:50
1226,2020-06-16 13:34:00,买入,111.86,3000,2020-06-16,13:34:00
1227,2020-06-16 13:34:35,买入,111.852,3000,2020-06-16,13:34:35
1228,2020-06-16 13:34:35,买入,111.852,1600,2020-06-16,13:34:35
1229,2020-06-16 13:34:54,买入,111.859,3000,2020-06-16,13:34:54
1230,2020-06-16 13:34:55,买入,111.859,1700,2020-06-16,13:34:55
1231,2020-06-16 13:38:45,卖出,111.8496,1900,2020-06-16,13:38:45
1232,2020-06-16 13:40:39,买入,111.838,100,2020-06-16,13:40:39
1233,2020-06-16 13:41:10,买入,111.851,1000,2020-06-16,13:41:10
1234,2020-06-16 13:45:48,卖出,111.8419,2600,2020-06-16,13:45:48
1235,2020-06-16 13:45:52,卖出,111.84,200,2020-06-16,13:45:52
1236,2020-06-16 13:45:53,卖出,111.838,1000,2020-06-16,13:45:53
1237,2020-06-16 13:47:28,卖出,111.832,3000,2020-06-16,13:47:28
1238,2020-06-16 13:50:47,买入,111.836,1000,2020-06-16,13:50:47
1239,2020-06-16 13:51:42,买入,111.834,300,2020-06-16,13:51:42
1240,2020-06-16 14:04:31,买入,111.8402,3000,2020-06-16,14:04:31
1241,2020-06-16 14:04:32,买入,111.841,1700,2020-06-16,14:04:32
1242,2020-06-16 14:07:44,买入,111.823,3000,2020-06-16,14:07:44
1243,2020-06-16 14:07:44,买入,111.823,3000,2020-06-16,14:07:44
1244,2020-06-16 14:08:58,卖出,111.845,100,2020-06-16,14:08:58
1245,2020-06-16 14:09:39,卖出,111.84,200,2020-06-16,14:09:39
1246,2020-06-16 14:09:59,卖出,111.835,100,2020-06-16,14:09:59
1247,2020-06-16 14:14:16,卖出,111.8272,500,2020-06-16,14:14:16
1248,2020-06-16 14:14:19,卖出,111.824,3000,2020-06-16,14:14:19
1249,2020-06-16 14:14:20,卖出,111.824,700,2020-06-16,14:14:20
1250,2020-06-16 14:15:10,卖出,111.823,100,2020-06-16,14:15:10
1251,2020-06-16 14:15:49,卖出,111.823,200,2020-06-16,14:15:49
1252,2020-06-16 14:15:59,卖出,111.824,500,2020-06-16,14:15:59
1253,2020-06-16 14:16:03,卖出,111.822,100,2020-06-16,14:16:03
1254,2020-06-16 14:16:16,卖出,111.8198,1800,2020-06-16,14:16:16
1255,2020-06-16 14:16:24,卖出,111.814,500,2020-06-16,14:16:24
1256,2020-06-16 14:16:54,卖出,111.815,200,2020-06-16,14:16:54
1257,2020-06-16 14:24:28,卖出,111.822,100,2020-06-16,14:24:28
1258,2020-06-16 14:25:10,卖出,111.818,1000,2020-06-16,14:25:10
1259,2020-06-16 14:25:49,卖出,111.815,3000,2020-06-16,14:25:49
1260,2020-06-16 14:25:49,卖出,111.833,3000,2020-06-16,14:25:49
1261,2020-06-16 14:25:50,卖出,111.833,3000,2020-06-16,14:25:50
1262,2020-06-16 14:25:50,卖出,111.833,3000,2020-06-16,14:25:50
1263,2020-06-16 14:26:24,卖出,111.837,200,2020-06-16,14:26:24
1264,2020-06-16 14:26:45,卖出,111.833,3000,2020-06-16,14:26:45
1265,2020-06-16 14:26:45,卖出,111.833,3000,2020-06-16,14:26:45
1266,2020-06-16 14:28:02,买入,111.821,500,2020-06-16,14:28:02
1267,2020-06-16 14:29:03,买入,111.837,3000,2020-06-16,14:29:03
1268,2020-06-16 14:29:03,买入,111.83,3000,2020-06-16,14:29:03
1269,2020-06-16 14:29:04,买入,111.83,2800,2020-06-16,14:29:04
1270,2020-06-16 14:30:42,卖出,111.825,100,2020-06-16,14:30:42
1271,2020-06-16 14:30:48,卖出,111.825,100,2020-06-16,14:30:48
1272,2020-06-16 14:34:13,卖出,111.811,800,2020-06-16,14:34:13
1273,2020-06-16 14:34:58,卖出,111.8073,700,2020-06-16,14:34:58
1274,2020-06-16 14:36:02,卖出,111.7997,3000,2020-06-16,14:36:02
1275,2020-06-16 14:39:02,买入,111.804,200,2020-06-16,14:39:02
1276,2020-06-16 14:39:07,买入,111.8096,3000,2020-06-16,14:39:07
1277,2020-06-16 14:40:22,买入,111.807,200,2020-06-16,14:40:22
1278,2020-06-16 14:41:42,买入,111.796,100,2020-06-16,14:41:42
1279,2020-06-16 14:45:41,卖出,111.803,400,2020-06-16,14:45:41
1280,2020-06-16 14:50:38,卖出,111.799,300,2020-06-16,14:50:38
1281,2020-06-16 14:50:46,卖出,111.797,2400,2020-06-16,14:50:46
1282,2020-06-16 14:52:21,买入,111.783,3000,2020-06-16,14:52:21
1283,2020-06-16 14:53:45,买入,111.77,500,2020-06-16,14:53:45
1284,2020-06-16 14:53:45,买入,111.776,3000,2020-06-16,14:53:45
1285,2020-06-16 14:54:33,买入,111.763,2100,2020-06-16,14:54:33
1286,2020-06-17 10:09:02,买入,111.6621,3000,2020-06-17,10:09:02
1287,2020-06-17 10:09:02,买入,111.6713,3000,2020-06-17,10:09:02
1288,2020-06-17 10:09:03,买入,111.6849,3000,2020-06-17,10:09:03
1289,2020-06-17 10:09:03,买入,111.6949,3000,2020-06-17,10:09:03
1290,2020-06-17 10:09:04,买入,111.7,3000,2020-06-17,10:09:04
1291,2020-06-17 10:09:05,买入,111.699,3000,2020-06-17,10:09:05
1292,2020-06-17 10:16:00,卖出,111.724,1000,2020-06-17,10:16:00
1293,2020-06-17 10:16:32,卖出,111.735,700,2020-06-17,10:16:32
1294,2020-06-17 10:29:09,买入,111.756,100,2020-06-17,10:29:09
1295,2020-06-17 10:32:39,买入,111.752,100,2020-06-17,10:32:39
1296,2020-06-17 10:32:51,买入,111.768,200,2020-06-17,10:32:51
1297,2020-06-17 10:33:04,买入,111.773,2400,2020-06-17,10:33:04
1298,2020-06-17 10:33:40,卖出,111.792,200,2020-06-17,10:33:40
1299,2020-06-17 10:34:40,卖出,111.7852,1100,2020-06-17,10:34:40
1300,2020-06-17 10:38:18,买入,111.767,100,2020-06-17,10:38:18
1301,2020-06-17 10:38:47,买入,111.792,1000,2020-06-17,10:38:47
1302,2020-06-17 10:39:01,买入,111.786,100,2020-06-17,10:39:01
1303,2020-06-17 10:41:17,卖出,111.798,100,2020-06-17,10:41:17
1304,2020-06-17 10:43:23,买入,111.759,3000,2020-06-17,10:43:23
1305,2020-06-17 10:43:24,买入,111.759,1000,2020-06-17,10:43:24
1306,2020-06-17 10:43:35,卖出,111.761,400,2020-06-17,10:43:35
1307,2020-06-17 10:44:12,买入,111.725,2200,2020-06-17,10:44:12
1308,2020-06-17 10:45:44,买入,111.7122,3000,2020-06-17,10:45:44
1309,2020-06-17 10:45:44,买入,111.711,3000,2020-06-17,10:45:44
1310,2020-06-17 10:46:06,卖出,111.695,3000,2020-06-17,10:46:06
1311,2020-06-17 10:48:33,卖出,111.708,1000,2020-06-17,10:48:33
1312,2020-06-17 10:49:40,卖出,111.706,100,2020-06-17,10:49:40
1313,2020-06-17 10:50:05,买入,111.685,100,2020-06-17,10:50:05
1314,2020-06-17 10:50:13,卖出,111.711,100,2020-06-17,10:50:13
1315,2020-06-17 10:50:24,买入,111.685,100,2020-06-17,10:50:24
1316,2020-06-17 10:50:30,卖出,111.711,100,2020-06-17,10:50:30
1317,2020-06-17 10:50:43,买入,111.685,300,2020-06-17,10:50:43
1318,2020-06-17 10:51:06,卖出,111.705,200,2020-06-17,10:51:06
1319,2020-06-17 10:51:46,卖出,111.701,100,2020-06-17,10:51:46
1320,2020-06-17 10:54:12,卖出,111.732,100,2020-06-17,10:54:12
1321,2020-06-17 11:00:12,卖出,111.722,200,2020-06-17,11:00:12
1322,2020-06-17 11:02:55,卖出,111.708,100,2020-06-17,11:02:55
1323,2020-06-17 11:03:22,卖出,111.6988,3000,2020-06-17,11:03:22
1324,2020-06-17 11:03:23,卖出,111.698,3000,2020-06-17,11:03:23
1325,2020-06-17 11:03:43,买入,111.686,1000,2020-06-17,11:03:43
1326,2020-06-17 11:09:09,卖出,111.697,100,2020-06-17,11:09:09
1327,2020-06-17 11:13:39,买入,111.648,3000,2020-06-17,11:13:39
1328,2020-06-17 11:13:39,买入,111.648,3000,2020-06-17,11:13:39
1329,2020-06-17 11:13:40,卖出,111.6394,2300,2020-06-17,11:13:40
1330,2020-06-17 11:13:53,卖出,111.648,800,2020-06-17,11:13:53
1331,2020-06-17 11:14:06,买入,111.628,3000,2020-06-17,11:14:06
1332,2020-06-17 11:14:11,卖出,111.628,1100,2020-06-17,11:14:11
1333,2020-06-17 11:17:18,卖出,111.649,3000,2020-06-17,11:17:18
1334,2020-06-17 11:17:22,卖出,111.65,3000,2020-06-17,11:17:22
1335,2020-06-17 11:17:24,卖出,111.689,3000,2020-06-17,11:17:24
1336,2020-06-17 11:17:26,买入,111.682,1500,2020-06-17,11:17:26
1337,2020-06-17 11:17:27,买入,111.677,500,2020-06-17,11:17:27
1338,2020-06-17 11:17:36,买入,111.67,600,2020-06-17,11:17:36
1339,2020-06-17 11:17:45,买入,111.659,100,2020-06-17,11:17:45
1340,2020-06-17 11:18:32,买入,111.659,3000,2020-06-17,11:18:32
1341,2020-06-17 11:23:15,卖出,111.651,400,2020-06-17,11:23:15
1342,2020-06-17 11:23:54,卖出,111.661,3000,2020-06-17,11:23:54
1343,2020-06-17 11:23:55,卖出,111.661,3000,2020-06-17,11:23:55
1344,2020-06-17 11:24:19,买入,111.6634,1400,2020-06-17,11:24:19
1345,2020-06-17 11:25:53,买入,111.677,2500,2020-06-17,11:25:53
1346,2020-06-17 11:26:32,卖出,111.696,100,2020-06-17,11:26:32
1347,2020-06-17 13:00:02,卖出,111.694,800,2020-06-17,13:00:02
1348,2020-06-17 13:00:05,卖出,111.6871,3000,2020-06-17,13:00:05
1349,2020-06-17 13:00:06,卖出,111.687,700,2020-06-17,13:00:06
1350,2020-06-17 13:00:10,卖出,111.701,100,2020-06-17,13:00:10
1351,2020-06-17 13:00:13,买入,111.683,1000,2020-06-17,13:00:13
1352,2020-06-17 13:00:17,买入,111.6892,3000,2020-06-17,13:00:17
1353,2020-06-17 13:00:18,买入,111.6975,3000,2020-06-17,13:00:18
1354,2020-06-17 13:02:23,买入,111.708,100,2020-06-17,13:02:23
1355,2020-06-17 13:03:34,卖出,111.742,100,2020-06-17,13:03:34
1356,2020-06-17 13:04:23,卖出,111.732,100,2020-06-17,13:04:23
1357,2020-06-17 13:07:43,买入,111.716,100,2020-06-17,13:07:43
1358,2020-06-17 13:08:41,卖出,111.7492,1100,2020-06-17,13:08:41
1359,2020-06-17 13:10:19,买入,111.727,100,2020-06-17,13:10:19
1360,2020-06-17 13:11:47,卖出,111.725,100,2020-06-17,13:11:47
1361,2020-06-17 13:12:15,卖出,111.716,100,2020-06-17,13:12:15
1362,2020-06-17 13:12:51,卖出,111.7009,1800,2020-06-17,13:12:51
1363,2020-06-17 13:13:26,卖出,111.707,200,2020-06-17,13:13:26
1364,2020-06-17 13:14:03,买入,111.686,100,2020-06-17,13:14:03
1365,2020-06-17 13:14:25,卖出,111.712,3000,2020-06-17,13:14:25
1366,2020-06-17 13:15:25,买入,111.703,200,2020-06-17,13:15:25
1367,2020-06-17 13:16:54,买入,111.7068,1100,2020-06-17,13:16:54
1368,2020-06-17 13:23:45,卖出,111.729,1900,2020-06-17,13:23:45
1369,2020-06-17 13:26:21,买入,111.722,100,2020-06-17,13:26:21
1370,2020-06-17 13:26:57,买入,111.729,1100,2020-06-17,13:26:57
1371,2020-06-17 13:32:01,卖出,111.725,1400,2020-06-17,13:32:01
1372,2020-06-17 13:32:10,卖出,111.7203,3000,2020-06-17,13:32:10
1373,2020-06-17 13:32:11,卖出,111.719,200,2020-06-17,13:32:11
1374,2020-06-17 13:35:25,买入,111.698,3000,2020-06-17,13:35:25
1375,2020-06-17 13:35:25,买入,111.698,500,2020-06-17,13:35:25
1376,2020-06-17 13:36:16,卖出,111.71,1000,2020-06-17,13:36:16
1377,2020-06-17 13:37:22,卖出,111.697,3000,2020-06-17,13:37:22
1378,2020-06-17 13:43:09,卖出,111.691,100,2020-06-17,13:43:09
1379,2020-06-17 13:47:13,买入,111.667,100,2020-06-17,13:47:13
1380,2020-06-17 13:49:22,卖出,111.69,100,2020-06-17,13:49:22
1381,2020-06-17 13:50:27,卖出,111.683,100,2020-06-17,13:50:27
1382,2020-06-17 13:51:24,卖出,111.686,100,2020-06-17,13:51:24
1383,2020-06-17 13:51:34,卖出,111.679,100,2020-06-17,13:51:34
1384,2020-06-17 13:51:54,卖出,111.68,1000,2020-06-17,13:51:54
1385,2020-06-17 13:52:17,卖出,111.677,100,2020-06-17,13:52:17
1386,2020-06-17 13:52:25,卖出,111.673,1000,2020-06-17,13:52:25
1387,2020-06-17 13:54:22,卖出,111.673,500,2020-06-17,13:54:22
1388,2020-06-17 13:56:21,卖出,111.664,1400,2020-06-17,13:56:21
1389,2020-06-17 13:58:09,卖出,111.651,3000,2020-06-17,13:58:09
1390,2020-06-17 13:59:45,卖出,111.651,500,2020-06-17,13:59:45
1391,2020-06-17 14:00:10,卖出,111.652,1700,2020-06-17,14:00:10
1392,2020-06-17 14:02:57,买入,111.65,3000,2020-06-17,14:02:57
1393,2020-06-17 14:02:58,买入,111.65,3000,2020-06-17,14:02:58
1394,2020-06-17 14:02:58,买入,111.65,3000,2020-06-17,14:02:58
1395,2020-06-17 14:02:59,买入,111.65,1000,2020-06-17,14:02:59
1396,2020-06-17 14:06:41,卖出,111.659,100,2020-06-17,14:06:41
1397,2020-06-17 14:07:29,卖出,111.655,100,2020-06-17,14:07:29
1398,2020-06-17 14:09:05,卖出,111.655,700,2020-06-17,14:09:05
1399,2020-06-17 14:12:45,买入,111.647,1000,2020-06-17,14:12:45
1400,2020-06-17 14:12:48,买入,111.648,3000,2020-06-17,14:12:48
1401,2020-06-17 14:13:36,卖出,111.6722,1100,2020-06-17,14:13:36
1402,2020-06-17 14:13:55,买入,111.649,100,2020-06-17,14:13:55
1403,2020-06-17 14:15:03,买入,111.652,100,2020-06-17,14:15:03
1404,2020-06-17 14:16:16,卖出,111.6922,1100,2020-06-17,14:16:16
1405,2020-06-17 14:17:53,买入,111.682,1900,2020-06-17,14:17:53
1406,2020-06-17 14:17:54,买入,111.686,2000,2020-06-17,14:17:54
1407,2020-06-17 14:18:26,买入,111.67,100,2020-06-17,14:18:26
1408,2020-06-17 14:22:35,买入,111.652,400,2020-06-17,14:22:35
1409,2020-06-17 14:23:29,买入,111.651,600,2020-06-17,14:23:29
1410,2020-06-17 14:29:14,卖出,111.653,3000,2020-06-17,14:29:14
1411,2020-06-17 14:30:49,买入,111.66,3000,2020-06-17,14:30:49
1412,2020-06-17 14:30:50,买入,111.6625,3000,2020-06-17,14:30:50
1413,2020-06-17 14:31:04,卖出,111.6563,3000,2020-06-17,14:31:04
1414,2020-06-17 14:33:45,买入,111.666,1000,2020-06-17,14:33:45
1415,2020-06-17 14:34:37,买入,111.665,3000,2020-06-17,14:34:37
1416,2020-06-17 14:34:37,买入,111.66,3000,2020-06-17,14:34:37
1417,2020-06-17 14:34:38,买入,111.66,1700,2020-06-17,14:34:38
1418,2020-06-17 14:34:41,卖出,111.6553,3000,2020-06-17,14:34:41
1419,2020-06-17 14:34:42,卖出,111.645,3000,2020-06-17,14:34:42
1420,2020-06-17 14:34:43,卖出,111.645,600,2020-06-17,14:34:43
1421,2020-06-17 14:34:47,买入,111.646,3000,2020-06-17,14:34:47
1422,2020-06-17 14:34:48,买入,111.6501,2900,2020-06-17,14:34:48
1423,2020-06-17 14:35:08,卖出,111.648,3000,2020-06-17,14:35:08
1424,2020-06-17 14:35:09,卖出,111.653,1300,2020-06-17,14:35:09
1425,2020-06-17 14:35:13,买入,111.65,1000,2020-06-17,14:35:13
1426,2020-06-17 14:36:37,买入,111.654,100,2020-06-17,14:36:37
1427,2020-06-17 14:36:45,买入,111.668,2000,2020-06-17,14:36:45
1428,2020-06-17 14:37:06,卖出,111.673,100,2020-06-17,14:37:06
1429,2020-06-17 14:38:45,卖出,111.6732,1100,2020-06-17,14:38:45
1430,2020-06-17 14:41:12,卖出,111.674,3000,2020-06-17,14:41:12
1431,2020-06-17 14:41:13,卖出,111.674,500,2020-06-17,14:41:13
1432,2020-06-17 14:48:03,买入,111.6768,3000,2020-06-17,14:48:03
1433,2020-06-17 14:51:23,卖出,111.6751,2200,2020-06-17,14:51:23
1434,2020-06-17 14:51:27,卖出,111.689,3000,2020-06-17,14:51:27
1435,2020-06-17 14:54:26,卖出,111.688,3000,2020-06-17,14:54:26
1436,2020-06-18 09:36:03,买入,111.9151,3000,2020-06-18,09:36:03
1437,2020-06-18 09:36:04,买入,111.9264,3000,2020-06-18,09:36:04
1438,2020-06-18 09:36:05,买入,111.9457,2100,2020-06-18,09:36:05
1439,2020-06-18 09:37:16,买入,111.888,3000,2020-06-18,09:37:16
1440,2020-06-18 09:37:16,买入,111.888,2000,2020-06-18,09:37:16
1441,2020-06-18 09:38:35,卖出,111.864,2000,2020-06-18,09:38:35
1442,2020-06-18 09:42:57,买入,111.851,1300,2020-06-18,09:42:57
1443,2020-06-18 09:43:47,买入,111.85,100,2020-06-18,09:43:47
1444,2020-06-18 09:43:48,买入,111.855,2000,2020-06-18,09:43:48
1445,2020-06-18 09:47:31,卖出,111.856,3000,2020-06-18,09:47:31
1446,2020-06-18 09:47:31,卖出,111.856,500,2020-06-18,09:47:31
1447,2020-06-18 09:47:41,买入,111.856,800,2020-06-18,09:47:41
1448,2020-06-18 09:48:05,买入,111.838,1000,2020-06-18,09:48:05
1449,2020-06-18 09:55:14,卖出,111.8322,1100,2020-06-18,09:55:14
1450,2020-06-18 09:58:20,卖出,111.81,3000,2020-06-18,09:58:20
1451,2020-06-18 09:58:29,买入,111.802,3000,2020-06-18,09:58:29
1452,2020-06-18 09:59:28,买入,111.788,100,2020-06-18,09:59:28
1453,2020-06-18 10:03:05,卖出,111.822,1000,2020-06-18,10:03:05
1454,2020-06-18 10:04:59,买入,111.806,3000,2020-06-18,10:04:59
1455,2020-06-18 10:08:01,卖出,111.793,100,2020-06-18,10:08:01
1456,2020-06-18 10:08:23,卖出,111.793,400,2020-06-18,10:08:23
1457,2020-06-18 10:08:57,卖出,111.795,100,2020-06-18,10:08:57
1458,2020-06-18 10:10:00,卖出,111.787,3000,2020-06-18,10:10:00
1459,2020-06-18 10:10:01,卖出,111.787,300,2020-06-18,10:10:01
1460,2020-06-18 10:12:19,买入,111.8029,3000,2020-06-18,10:12:19
1461,2020-06-18 10:12:20,买入,111.804,3000,2020-06-18,10:12:20
1462,2020-06-18 10:12:34,卖出,111.807,3000,2020-06-18,10:12:34
1463,2020-06-18 10:12:37,卖出,111.807,100,2020-06-18,10:12:37
1464,2020-06-18 10:13:31,卖出,111.821,100,2020-06-18,10:13:31
1465,2020-06-18 10:14:01,买入,111.8,200,2020-06-18,10:14:01
1466,2020-06-18 10:17:28,卖出,111.826,500,2020-06-18,10:17:28
1467,2020-06-18 10:28:54,买入,111.782,3000,2020-06-18,10:28:54
1468,2020-06-18 10:28:54,买入,111.782,2000,2020-06-18,10:28:54
1469,2020-06-18 10:28:58,卖出,111.7813,1100,2020-06-18,10:28:58
1470,2020-06-18 10:30:26,卖出,111.7892,1100,2020-06-18,10:30:26
1471,2020-06-18 10:34:43,卖出,111.795,1000,2020-06-18,10:34:43
1472,2020-06-18 10:42:22,买入,111.78,3000,2020-06-18,10:42:22
1473,2020-06-18 10:42:22,买入,111.775,3000,2020-06-18,10:42:22
1474,2020-06-18 10:42:34,卖出,111.766,3000,2020-06-18,10:42:34
1475,2020-06-18 10:42:35,卖出,111.764,3000,2020-06-18,10:42:35
1476,2020-06-18 10:42:35,卖出,111.7651,3000,2020-06-18,10:42:35
1477,2020-06-18 10:42:36,卖出,111.764,3000,2020-06-18,10:42:36
1478,2020-06-18 10:52:29,买入,111.776,3000,2020-06-18,10:52:29
1479,2020-06-18 10:52:29,买入,111.777,3000,2020-06-18,10:52:29
1480,2020-06-18 10:52:30,买入,111.7877,3000,2020-06-18,10:52:30
1481,2020-06-18 10:52:34,卖出,111.764,3000,2020-06-18,10:52:34
1482,2020-06-18 10:52:34,卖出,111.764,3000,2020-06-18,10:52:34
1483,2020-06-18 10:52:35,买入,111.765,3000,2020-06-18,10:52:35
1484,2020-06-18 10:52:36,买入,111.765,2000,2020-06-18,10:52:36
1485,2020-06-18 10:52:39,卖出,111.764,3000,2020-06-18,10:52:39
1486,2020-06-18 10:52:40,卖出,111.764,3000,2020-06-18,10:52:40
1487,2020-06-18 10:52:40,卖出,111.764,3000,2020-06-18,10:52:40
1488,2020-06-18 10:52:41,卖出,111.763,2000,2020-06-18,10:52:41
1489,2020-06-18 10:52:42,买入,111.765,3000,2020-06-18,10:52:42
1490,2020-06-18 10:52:43,买入,111.765,3000,2020-06-18,10:52:43
1491,2020-06-18 10:52:44,买入,111.765,3000,2020-06-18,10:52:44
1492,2020-06-18 10:52:55,卖出,111.765,3000,2020-06-18,10:52:55
1493,2020-06-18 10:52:56,卖出,111.7646,3000,2020-06-18,10:52:56
1494,2020-06-18 10:52:56,卖出,111.764,3000,2020-06-18,10:52:56
1495,2020-06-18 10:52:58,买入,111.765,3000,2020-06-18,10:52:58
1496,2020-06-18 10:52:59,买入,111.7741,3000,2020-06-18,10:52:59
1497,2020-06-18 10:54:21,卖出,111.7493,2900,2020-06-18,10:54:21
1498,2020-06-18 10:54:50,卖出,111.741,100,2020-06-18,10:54:50
1499,2020-06-18 10:54:53,卖出,111.731,1000,2020-06-18,10:54:53
1500,2020-06-18 10:55:16,卖出,111.715,3000,2020-06-18,10:55:16
1501,2020-06-18 10:55:21,卖出,111.722,2000,2020-06-18,10:55:21
1502,2020-06-18 10:55:45,买入,111.702,3000,2020-06-18,10:55:45
1503,2020-06-18 10:55:45,买入,111.712,3000,2020-06-18,10:55:45
1504,2020-06-18 10:55:45,买入,111.702,3000,2020-06-18,10:55:45
1505,2020-06-18 10:55:46,买入,111.702,3000,2020-06-18,10:55:46
1506,2020-06-18 10:55:47,卖出,111.7002,3000,2020-06-18,10:55:47
1507,2020-06-18 10:56:24,卖出,111.6847,3000,2020-06-18,10:56:24
1508,2020-06-18 10:56:25,卖出,111.66,3000,2020-06-18,10:56:25
1509,2020-06-18 10:56:25,卖出,111.674,2000,2020-06-18,10:56:25
1510,2020-06-18 10:57:13,买入,111.6,500,2020-06-18,10:57:13
1511,2020-06-18 10:57:16,买入,111.631,3000,2020-06-18,10:57:16
1512,2020-06-18 10:58:20,买入,111.612,700,2020-06-18,10:58:20
1513,2020-06-18 10:59:06,买入,111.63,3000,2020-06-18,10:59:06
1514,2020-06-18 10:59:06,买入,111.599,3000,2020-06-18,10:59:06
1515,2020-06-18 10:59:31,卖出,111.625,100,2020-06-18,10:59:31
1516,2020-06-18 10:59:51,卖出,111.63,100,2020-06-18,10:59:51
1517,2020-06-18 11:00:42,卖出,111.586,100,2020-06-18,11:00:42
1518,2020-06-18 11:02:14,卖出,111.586,2000,2020-06-18,11:02:14
1519,2020-06-18 11:02:27,买入,111.561,3000,2020-06-18,11:02:27
1520,2020-06-18 11:02:27,买入,111.55,2300,2020-06-18,11:02:27
1521,2020-06-18 11:02:30,卖出,111.558,1000,2020-06-18,11:02:30
1522,2020-06-18 11:02:52,卖出,111.582,100,2020-06-18,11:02:52
1523,2020-06-18 11:02:58,卖出,111.567,1500,2020-06-18,11:02:58
1524,2020-06-18 11:04:54,买入,111.591,100,2020-06-18,11:04:54
1525,2020-06-18 11:05:42,卖出,111.627,100,2020-06-18,11:05:42
1526,2020-06-18 11:06:20,卖出,111.628,1000,2020-06-18,11:06:20
1527,2020-06-18 11:10:01,卖出,111.651,100,2020-06-18,11:10:01
1528,2020-06-18 11:10:12,卖出,111.657,200,2020-06-18,11:10:12
1529,2020-06-18 11:10:51,买入,111.627,3000,2020-06-18,11:10:51
1530,2020-06-18 11:10:52,买入,111.615,500,2020-06-18,11:10:52
1531,2020-06-18 11:13:14,卖出,111.624,300,2020-06-18,11:13:14
1532,2020-06-18 11:13:43,卖出,111.599,100,2020-06-18,11:13:43
1533,2020-06-18 11:13:46,卖出,111.595,3000,2020-06-18,11:13:46
1534,2020-06-18 11:14:42,买入,111.57,3000,2020-06-18,11:14:42
1535,2020-06-18 11:14:42,买入,111.57,3000,2020-06-18,11:14:42
1536,2020-06-18 11:14:43,买入,111.57,600,2020-06-18,11:14:43
1537,2020-06-18 11:14:44,卖出,111.5602,600,2020-06-18,11:14:44
1538,2020-06-18 11:14:45,卖出,111.553,2100,2020-06-18,11:14:45
1539,2020-06-18 11:16:06,卖出,111.5447,300,2020-06-18,11:16:06
1540,2020-06-18 11:16:12,卖出,111.538,2900,2020-06-18,11:16:12
1541,2020-06-18 11:16:24,买入,111.534,2000,2020-06-18,11:16:24
1542,2020-06-18 11:17:25,买入,111.506,3000,2020-06-18,11:17:25
1543,2020-06-18 11:17:35,卖出,111.504,1000,2020-06-18,11:17:35
1544,2020-06-18 11:18:23,买入,111.486,3000,2020-06-18,11:18:23
1545,2020-06-18 11:18:23,买入,111.486,2600,2020-06-18,11:18:23
1546,2020-06-18 11:18:26,卖出,111.4707,3000,2020-06-18,11:18:26
1547,2020-06-18 11:18:28,卖出,111.46,1900,2020-06-18,11:18:28
1548,2020-06-18 11:18:35,买入,111.4907,3000,2020-06-18,11:18:35
1549,2020-06-18 11:18:41,卖出,111.4882,1100,2020-06-18,11:18:41
1550,2020-06-18 11:18:48,卖出,111.502,400,2020-06-18,11:18:48
1551,2020-06-18 11:18:50,卖出,111.5,1000,2020-06-18,11:18:50
1552,2020-06-18 11:19:35,买入,111.481,3000,2020-06-18,11:19:35
1553,2020-06-18 11:19:36,买入,111.481,900,2020-06-18,11:19:36
1554,2020-06-18 11:19:37,卖出,111.48,3000,2020-06-18,11:19:37
1555,2020-06-18 11:19:38,卖出,111.4767,2100,2020-06-18,11:19:38
1556,2020-06-18 11:19:43,买入,111.477,3000,2020-06-18,11:19:43
1557,2020-06-18 11:19:44,买入,111.481,3000,2020-06-18,11:19:44
1558,2020-06-18 11:19:52,卖出,111.48,3000,2020-06-18,11:19:52
1559,2020-06-18 11:19:53,卖出,111.476,3000,2020-06-18,11:19:53
1560,2020-06-18 11:19:53,卖出,111.4583,3000,2020-06-18,11:19:53
1561,2020-06-18 11:19:55,买入,111.481,3000,2020-06-18,11:19:55
1562,2020-06-18 11:19:55,买入,111.4823,3000,2020-06-18,11:19:55
1563,2020-06-18 11:19:56,买入,111.4947,3000,2020-06-18,11:19:56
1564,2020-06-18 11:19:57,买入,111.5043,3000,2020-06-18,11:19:57
1565,2020-06-18 11:19:59,卖出,111.4887,3000,2020-06-18,11:19:59
1566,2020-06-18 11:20:00,卖出,111.4867,3000,2020-06-18,11:20:00
1567,2020-06-18 11:20:01,卖出,111.474,3000,2020-06-18,11:20:01
1568,2020-06-18 11:21:28,卖出,111.512,100,2020-06-18,11:21:28
1569,2020-06-18 11:21:30,卖出,111.51,1000,2020-06-18,11:21:30
1570,2020-06-18 11:21:59,卖出,111.512,100,2020-06-18,11:21:59
1571,2020-06-18 11:22:06,卖出,111.4949,3000,2020-06-18,11:22:06
1572,2020-06-18 11:22:07,卖出,111.493,1500,2020-06-18,11:22:07
1573,2020-06-18 11:22:16,买入,111.504,3000,2020-06-18,11:22:16
1574,2020-06-18 11:22:34,卖出,111.524,100,2020-06-18,11:22:34
1575,2020-06-18 11:22:45,卖出,111.526,500,2020-06-18,11:22:45
1576,2020-06-18 11:23:38,买入,111.526,400,2020-06-18,11:23:38
1577,2020-06-18 11:26:47,卖出,111.541,100,2020-06-18,11:26:47
1578,2020-06-18 11:27:25,买入,111.495,1500,2020-06-18,11:27:25
1579,2020-06-18 11:27:34,买入,111.472,300,2020-06-18,11:27:34
1580,2020-06-18 11:27:38,买入,111.477,3000,2020-06-18,11:27:38
1581,2020-06-18 11:27:38,买入,111.461,3000,2020-06-18,11:27:38
1582,2020-06-18 11:27:39,买入,111.461,3000,2020-06-18,11:27:39
1583,2020-06-18 11:27:42,卖出,111.46,3000,2020-06-18,11:27:42
1584,2020-06-18 11:27:43,卖出,111.4517,3000,2020-06-18,11:27:43
1585,2020-06-18 11:27:44,卖出,111.4365,3000,2020-06-18,11:27:44
1586,2020-06-18 11:27:44,卖出,111.4187,2600,2020-06-18,11:27:44
1587,2020-06-18 11:28:45,买入,111.478,3000,2020-06-18,11:28:45
1588,2020-06-18 11:28:46,买入,111.4883,3000,2020-06-18,11:28:46
1589,2020-06-18 11:28:47,卖出,111.4707,3000,2020-06-18,11:28:47
1590,2020-06-18 11:28:48,卖出,111.492,3000,2020-06-18,11:28:48
1591,2020-06-18 11:29:02,买入,111.492,3000,2020-06-18,11:29:02
1592,2020-06-18 11:29:17,卖出,111.513,400,2020-06-18,11:29:17
1593,2020-06-18 13:00:03,买入,111.4976,3000,2020-06-18,13:00:03
1594,2020-06-18 13:00:05,买入,111.5035,2200,2020-06-18,13:00:05
1595,2020-06-18 13:00:06,买入,111.518,700,2020-06-18,13:00:06
1596,2020-06-18 13:00:10,卖出,111.525,3000,2020-06-18,13:00:10
1597,2020-06-18 13:00:18,买入,111.532,100,2020-06-18,13:00:18
1598,2020-06-18 13:00:53,买入,111.541,2700,2020-06-18,13:00:53
1599,2020-06-18 13:00:56,卖出,111.55,2000,2020-06-18,13:00:56
1600,2020-06-18 13:01:13,卖出,111.556,100,2020-06-18,13:01:13
1601,2020-06-18 13:01:26,卖出,111.546,100,2020-06-18,13:01:26
1602,2020-06-18 13:01:52,卖出,111.5431,1100,2020-06-18,13:01:52
1603,2020-06-18 13:02:11,卖出,111.553,100,2020-06-18,13:02:11
1604,2020-06-18 13:02:19,卖出,111.543,100,2020-06-18,13:02:19
1605,2020-06-18 13:03:16,买入,111.521,1900,2020-06-18,13:03:16
1606,2020-06-18 13:03:38,卖出,111.517,100,2020-06-18,13:03:38
1607,2020-06-18 13:04:08,卖出,111.4947,2100,2020-06-18,13:04:08
1608,2020-06-18 13:04:48,买入,111.492,100,2020-06-18,13:04:48
1609,2020-06-18 13:05:00,卖出,111.519,100,2020-06-18,13:05:00
1610,2020-06-18 13:06:57,买入,111.507,3000,2020-06-18,13:06:57
1611,2020-06-18 13:06:57,买入,111.507,500,2020-06-18,13:06:57
1612,2020-06-18 13:06:59,卖出,111.501,2000,2020-06-18,13:06:59
1613,2020-06-18 13:07:29,卖出,111.517,100,2020-06-18,13:07:29
1614,2020-06-18 13:07:40,卖出,111.517,100,2020-06-18,13:07:40
1615,2020-06-18 13:08:50,买入,111.496,1000,2020-06-18,13:08:50
1616,2020-06-18 13:12:31,买入,111.53,100,2020-06-18,13:12:31
1617,2020-06-18 13:14:16,卖出,111.572,3000,2020-06-18,13:14:16
1618,2020-06-18 13:14:17,卖出,111.572,3000,2020-06-18,13:14:17
1619,2020-06-18 13:14:17,卖出,111.572,400,2020-06-18,13:14:17
1620,2020-06-18 13:14:21,买入,111.5792,2600,2020-06-18,13:14:21
1621,2020-06-18 13:14:50,卖出,111.62,500,2020-06-18,13:14:50
1622,2020-06-18 13:15:36,卖出,111.613,1100,2020-06-18,13:15:36
1623,2020-06-18 13:18:25,卖出,111.642,100,2020-06-18,13:18:25
1624,2020-06-18 13:21:07,买入,111.592,1000,2020-06-18,13:21:07
1625,2020-06-18 13:22:57,卖出,111.614,100,2020-06-18,13:22:57
1626,2020-06-18 13:23:07,卖出,111.614,100,2020-06-18,13:23:07
1627,2020-06-18 13:24:03,卖出,111.5949,1600,2020-06-18,13:24:03
1628,2020-06-18 13:24:19,卖出,111.607,100,2020-06-18,13:24:19
1629,2020-06-18 13:26:30,卖出,111.607,100,2020-06-18,13:26:30
1630,2020-06-18 13:34:13,卖出,111.657,100,2020-06-18,13:34:13
1631,2020-06-18 13:34:49,卖出,111.658,100,2020-06-18,13:34:49
1632,2020-06-18 13:36:15,买入,111.636,3000,2020-06-18,13:36:15
1633,2020-06-18 13:36:16,买入,111.626,3000,2020-06-18,13:36:16
1634,2020-06-18 13:36:24,卖出,111.608,100,2020-06-18,13:36:24
1635,2020-06-18 13:36:33,卖出,111.613,400,2020-06-18,13:36:33
1636,2020-06-18 13:36:39,卖出,111.623,900,2020-06-18,13:36:39
1637,2020-06-18 13:37:00,卖出,111.638,300,2020-06-18,13:37:00
1638,2020-06-18 13:37:27,卖出,111.629,100,2020-06-18,13:37:27
1639,2020-06-18 13:39:00,卖出,111.619,1000,2020-06-18,13:39:00
1640,2020-06-18 13:39:09,卖出,111.611,1000,2020-06-18,13:39:09
1641,2020-06-18 13:40:11,买入,111.587,1000,2020-06-18,13:40:11
1642,2020-06-18 13:45:18,卖出,111.634,200,2020-06-18,13:45:18
1643,2020-06-18 13:45:36,卖出,111.633,100,2020-06-18,13:45:36
1644,2020-06-18 13:46:07,卖出,111.6264,1200,2020-06-18,13:46:07
1645,2020-06-18 13:47:11,卖出,111.627,100,2020-06-18,13:47:11
1646,2020-06-18 13:47:24,买入,111.59,1300,2020-06-18,13:47:24
1647,2020-06-18 13:47:41,卖出,111.605,100,2020-06-18,13:47:41
1648,2020-06-18 13:48:04,卖出,111.603,400,2020-06-18,13:48:04
1649,2020-06-18 13:48:20,卖出,111.603,100,2020-06-18,13:48:20
1650,2020-06-18 13:48:40,卖出,111.602,100,2020-06-18,13:48:40
1651,2020-06-18 13:52:05,卖出,111.5947,3000,2020-06-18,13:52:05
1652,2020-06-18 13:52:31,买入,111.591,1000,2020-06-18,13:52:31
1653,2020-06-18 13:52:46,买入,111.596,1000,2020-06-18,13:52:46
1654,2020-06-18 14:05:01,卖出,111.588,100,2020-06-18,14:05:01
1655,2020-06-18 14:05:04,卖出,111.586,1000,2020-06-18,14:05:04
1656,2020-06-18 14:06:17,买入,111.571,3000,2020-06-18,14:06:17
1657,2020-06-18 14:07:58,买入,111.568,100,2020-06-18,14:07:58
1658,2020-06-18 14:08:46,买入,111.5768,1100,2020-06-18,14:08:46
1659,2020-06-18 14:09:16,卖出,111.594,100,2020-06-18,14:09:16
1660,2020-06-18 14:09:21,卖出,111.584,100,2020-06-18,14:09:21
1661,2020-06-18 14:11:41,买入,111.566,100,2020-06-18,14:11:41
1662,2020-06-18 14:13:41,卖出,111.5944,1100,2020-06-18,14:13:41
